,data_transakcji,data_księgowania,dane_kontrahenta,tytuł,nr_rachunku,nazwa_banku,nr_transakcji,kwota_transakcji_(waluta_rachunku),waluta,konto,saldo_po_transakcji,waluta_salda,red_flag
0,2019-01-01,2019-01-03,Orlen,Płatność Orlen,PL47525525636630696177023059,mBank,7979693581,-227.33,PLN,Wspólne,9772.67,PLN,0
1,2019-01-01,2019-01-02,Biuro Notarialne,Płatność Biuro Notarialne,PL72634487227183186158541068,ING,9417345785,-9887.59,PLN,Konto w EUR,-114.92,PLN,0
2,2019-01-04,2019-01-04,PokerStars,Płatność PokerStars,PL85502768236074445829791826,Santander,5125063457,-1169.17,EUR,Konto w EUR,-1284.09,EUR,1
3,2019-01-06,2019-01-07,Amazon,Płatność Amazon,PL74448559599291860253081347,mBank,5746911190,-701.06,USD,Konto w USD,-1985.15,USD,0
4,2019-01-10,2019-01-11,Urząd Skarbowy,Płatność Urząd Skarbowy,PL99999005218950489518997577,mBank,5978957837,-5315.05,PLN,Konto w USD,-7300.2,PLN,0
5,2019-01-12,2019-01-12,Vattenfall,Płatność Vattenfall,PL46105326415946177379439639,mBank,9271820759,-288.57,PLN,Wspólne,-7588.77,PLN,0
6,2019-01-12,2019-01-14,Biuro Nieruchomości ZEFIR,Płatność Biuro Nieruchomości ZEFIR,PL48661124301808887495799701,PKO BP,2243977646,-460288.86,PLN,Konto w USD,-467877.63,PLN,1
7,2019-01-12,2019-01-13,Lidl,Płatność Lidl,PL25978353849347368115669514,mBank,3039340985,-190.85,PLN,Wspólne,-468068.48,PLN,0
8,2019-01-15,2019-01-15,Orlen,Płatność Orlen,PL74736190778268608985679963,PKO BP,6259640788,-272.68,PLN,Konto w EUR,-468341.16,PLN,0
9,2019-01-16,2019-01-16,Allegro,Płatność Allegro,PL94880708185184984968978482,mBank,2843253517,-283.85,PLN,Moje,-468625.01,PLN,0
10,2019-01-16,2019-01-17,Santander Leasing,Płatność Santander Leasing,PL93313349582675637840056903,PKO BP,3744121107,-2741.75,PLN,Moje,-471366.76,PLN,0
11,2019-01-17,2019-01-18,Santander Leasing,Płatność Santander Leasing,PL22890427963100400825098164,ING,3816548023,-1915.42,PLN,Konto w USD,-473282.18,PLN,0
12,2019-01-18,2019-01-20,Booking.com,Płatność Booking.com,PL30240126829269410166725477,Santander,5548072833,-77.77,EUR,Wspólne,-473359.95,EUR,0
13,2019-01-18,2019-01-19,Zabka,Płatność Zabka,PL84581806181951649260624593,Millennium,9671964124,-189.74,PLN,Wspólne,-473549.69,PLN,0
14,2019-01-19,2019-01-21,Firma XYZ,Płatność Firma XYZ,PL28232470531590675688274853,PKO BP,5205684275,7597.87,PLN,Konto w EUR,-465951.82,PLN,0
15,2019-01-21,2019-01-21,Firma XYZ,Płatność Firma XYZ,PL56090089682921022362704651,Santander,2704503228,7675.63,PLN,Konto w EUR,-458276.19,PLN,0
16,2019-01-22,2019-01-23,Vattenfall,Płatność Vattenfall,PL35447055315748263493317350,Santander,6568587223,-275.75,PLN,Konto w USD,-458551.94,PLN,0
17,2019-01-24,2019-01-25,Allegro,Płatność Allegro,PL26849101044577254136747295,Santander,9157338139,-277.63,PLN,Moje,-458829.57,PLN,0
18,2019-01-25,2019-01-25,Allegro,Płatność Allegro,PL88241998953773265797623168,ING,1471747600,-136.76,PLN,Konto w USD,-458966.33,PLN,0
19,2019-01-25,2019-01-26,Firma XYZ,Płatność Firma XYZ,PL23684061496833173949067998,Millennium,7055895360,7577.91,PLN,Moje,-451388.42,PLN,0
20,2019-01-28,2019-01-28,Santander Leasing,Płatność Santander Leasing,PL43803625757278058632113832,mBank,1476473160,-2618.31,PLN,Moje,-454006.73,PLN,0
21,2019-01-29,2019-01-30,Firma XYZ,Płatność Firma XYZ,PL27576980598655580699847686,Santander,7878956891,6661.15,PLN,Moje,-447345.58,PLN,0
22,2019-01-29,2019-01-30,Booking.com,Płatność Booking.com,PL83694266933367247109556268,Santander,8873666146,-234.95,EUR,Wspólne,-447580.53,EUR,0
23,2019-01-29,2019-01-31,Vattenfall,Płatność Vattenfall,PL17054777995327513786791761,Millennium,8264315865,-230.02,PLN,Moje,-447810.55,PLN,0
24,2019-01-31,2019-02-01,Biedronka,Płatność Biedronka,PL86384581017166783416566816,Millennium,1929903933,-479.76,PLN,Moje,-448290.31,PLN,0
25,2019-02-02,2019-02-03,Vattenfall,Płatność Vattenfall,PL71967669664937982081434251,ING,9483932995,-286.31,PLN,Moje,-448576.62,PLN,0
26,2019-02-04,2019-02-06,Zabka,Płatność Zabka,PL33292169499307879697422701,Millennium,9081840882,-28.56,PLN,Konto w USD,-448605.18,PLN,0
27,2019-02-06,2019-02-06,PKO BP,Płatność PKO BP,PL15103476201630699676412860,ING,3586522663,4339.88,PLN,Wspólne,-444265.3,PLN,0
28,2019-02-07,2019-02-09,PGNiG,Płatność PGNiG,PL87672086713573761357492972,mBank,1257327471,-131.55,PLN,Konto w EUR,-444396.85,PLN,0
29,2019-02-10,2019-02-11,Allegro,Płatność Allegro,PL83975496399635904808276659,Millennium,5708007278,-50.17,PLN,Moje,-444447.02,PLN,0
30,2019-02-12,2019-02-13,Allegro,Płatność Allegro,PL22354246758708460203086932,mBank,8675984637,-278.61,PLN,Moje,-444725.63,PLN,0
31,2019-02-14,2019-02-16,Booking.com,Płatność Booking.com,PL95981962387496383342930546,ING,2242655074,-801.18,EUR,Moje,-445526.81,EUR,0
32,2019-02-15,2019-02-17,ATM ING,Płatność ATM ING,PL31155986332044057306471513,Santander,7168173516,-1292.5,PLN,Konto w EUR,-446819.31,PLN,0
33,2019-02-16,2019-02-16,Lidl,Płatność Lidl,PL39017677120072803690031962,Millennium,1308153577,-125.67,PLN,Moje,-446944.98,PLN,0
34,2019-02-16,2019-02-18,Biedronka,Płatność Biedronka,PL28896261323706710746084196,Millennium,9584591001,-463.09,PLN,Wspólne,-447408.07,PLN,0
35,2019-02-19,2019-02-20,Amazon,Płatność Amazon,PL53940501297657107967170570,ING,9916932604,-522.1,USD,Wspólne,-447930.17,USD,0
36,2019-02-19,2019-02-21,Booking.com,Płatność Booking.com,PL17953633417055597303523733,Santander,3842794212,-924.08,EUR,Konto w USD,-448854.25,EUR,0
37,2019-02-20,2019-02-20,Booking.com,Płatność Booking.com,PL63292400392923641862839435,mBank,2388025958,-436.19,EUR,Konto w USD,-449290.44,EUR,0
38,2019-02-20,2019-02-21,PGNiG,Płatność PGNiG,PL85291331941142575838146689,ING,9202622469,-191.47,PLN,Konto w USD,-449481.91,PLN,0
39,2019-02-21,2019-02-23,Firma XYZ,Płatność Firma XYZ,PL44183506451313035593874516,ING,5426502879,7406.76,PLN,Moje,-442075.15,PLN,0
40,2019-02-22,2019-02-24,Biuro Nieruchomości ZEFIR,Płatność Biuro Nieruchomości ZEFIR,PL62725899338800174452752893,Santander,7233791558,-548081.77,PLN,Konto w USD,-990156.92,PLN,1
41,2019-02-25,2019-02-27,Allegro,Płatność Allegro,PL55841496501871308546406343,PKO BP,6086235198,-128.72,PLN,Moje,-990285.64,PLN,0
42,2019-02-26,2019-02-26,Orlen,Płatność Orlen,PL72685197426510890468238115,mBank,5406165428,-131.21,PLN,Konto w USD,-990416.85,PLN,0
43,2019-02-28,2019-02-28,Zabka,Płatność Zabka,PL22844099753779758808199530,mBank,2178772608,-105.75,PLN,Wspólne,-990522.6,PLN,0
44,2019-03-07,2019-03-09,Zabka,Płatność Zabka,PL75143403151880562865217330,PKO BP,2119599244,-197.63,PLN,Konto w USD,-990720.23,PLN,0
45,2019-03-08,2019-03-09,PKO BP,Płatność PKO BP,PL73730711861804698385238318,Santander,9843313972,8831.01,PLN,Konto w EUR,-981889.22,PLN,0
46,2019-03-08,2019-03-08,PKO BP,Płatność PKO BP,PL11192695280629780830674456,Santander,2750816937,5115.68,PLN,Wspólne,-976773.54,PLN,0
47,2019-03-08,2019-03-08,MediaMarkt,Płatność MediaMarkt,PL34965817150103683721150129,PKO BP,1985130103,-2580.17,PLN,Wspólne,-979353.71,PLN,0
48,2019-03-09,2019-03-11,STS.pl,Płatność STS.pl,PL12038112202915367481219477,Millennium,6487757017,-432.48,PLN,Konto w EUR,-979786.19,PLN,1
49,2019-03-10,2019-03-12,ATM ING,Płatność ATM ING,PL55983316742132870100772341,ING,5300502773,-883.81,PLN,Moje,-980670.0,PLN,0
50,2019-03-11,2019-03-12,Biedronka,Płatność Biedronka,PL80001045271421795023649933,Millennium,4446856319,-376.83,PLN,Wspólne,-981046.83,PLN,0
51,2019-03-16,2019-03-17,Urząd Skarbowy,Płatność Urząd Skarbowy,PL27866754542848034565144185,PKO BP,8620574752,-9339.44,PLN,Wspólne,-990386.27,PLN,0
52,2019-03-17,2019-03-17,PokerStars,Płatność PokerStars,PL28207033970530098526965183,mBank,9403114360,-1937.65,EUR,Moje,-992323.92,EUR,1
53,2019-03-17,2019-03-19,Biuro Notarialne,Płatność Biuro Notarialne,PL14520120812935635820175147,PKO BP,1312621735,-11036.68,PLN,Konto w EUR,-1003360.6,PLN,1
54,2019-03-23,2019-03-23,PKO BP,Płatność PKO BP,PL47538171036188002873705318,mBank,9921511630,6409.57,PLN,Konto w EUR,-996951.03,PLN,0
55,2019-03-26,2019-03-26,ATM ING,Płatność ATM ING,PL82656399108329080807501289,Millennium,7245450482,-1222.64,PLN,Wspólne,-998173.67,PLN,0
56,2019-03-28,2019-03-28,Auto Komis Katowice,Płatność Auto Komis Katowice,PL88909298470652165732087921,Millennium,1958948752,-45546.19,PLN,Konto w USD,-1043719.86,PLN,1
57,2019-03-30,2019-03-31,Amazon,Płatność Amazon,PL81902516454265915693968121,Millennium,1626674261,-610.91,USD,Wspólne,-1044330.77,USD,0
58,2019-04-06,2019-04-08,Biuro Notarialne,Płatność Biuro Notarialne,PL48775525413566423496545669,PKO BP,3472651123,-10901.54,PLN,Konto w EUR,-1055232.31,PLN,1
59,2019-04-09,2019-04-11,PokerStars,Płatność PokerStars,PL67576822173164750247321972,Millennium,7752397545,-1149.84,EUR,Moje,-1056382.15,EUR,1
60,2019-04-11,2019-04-11,Auto Komis Katowice,Płatność Auto Komis Katowice,PL56119049618559538957432175,mBank,4839112850,-56393.41,PLN,Konto w USD,-1112775.56,PLN,1
61,2019-04-15,2019-04-16,Zabka,Płatność Zabka,PL70118585466392989167704496,mBank,7100479730,-87.91,PLN,Wspólne,-1112863.47,PLN,0
62,2019-04-16,2019-04-18,Amazon,Płatność Amazon,PL78713741141382068220688668,ING,5651425320,-375.57,USD,Konto w EUR,-1113239.04,USD,0
63,2019-04-22,2019-04-23,ATM ING,Płatność ATM ING,PL44456635004915710125024575,Santander,5591801596,-777.41,PLN,Moje,-1114016.45,PLN,0
64,2019-04-26,2019-04-28,ATM ING,Płatność ATM ING,PL89232529310452314893487834,mBank,6130129180,-665.03,PLN,Konto w USD,-1114681.48,PLN,0
65,2019-04-29,2019-04-29,Biuro Notarialne,Płatność Biuro Notarialne,PL51680386796885495652826042,mBank,8891417109,-10455.12,PLN,Wspólne,-1125136.6,PLN,1
66,2019-05-01,2019-05-02,PokerStars,Płatność PokerStars,PL92246210573976715017879431,mBank,3900443486,-1625.14,EUR,Wspólne,-1126761.74,EUR,1
67,2019-05-01,2019-05-01,ATM ING,Płatność ATM ING,PL56652004151479809862690468,Millennium,5432018576,-1371.24,PLN,Moje,-1128132.98,PLN,0
68,2019-05-05,2019-05-06,Orlen,Płatność Orlen,PL48159586735852516254942727,Santander,3578494751,-241.89,PLN,Konto w EUR,-1128374.87,PLN,0
69,2019-05-05,2019-05-05,Auto Komis Katowice,Płatność Auto Komis Katowice,PL36943321480796006780964759,Santander,2627035121,-50070.55,PLN,Wspólne,-1178445.42,PLN,1
70,2019-05-07,2019-05-07,Vattenfall,Płatność Vattenfall,PL47008486283234076967171746,PKO BP,8708728501,-174.68,PLN,Konto w EUR,-1178620.1,PLN,0
71,2019-05-13,2019-05-13,Urząd Skarbowy,Płatność Urząd Skarbowy,PL22776617975882782609820639,mBank,2661614934,-5087.7,PLN,Moje,-1183707.8,PLN,0
72,2019-05-16,2019-05-16,Vattenfall,Płatność Vattenfall,PL38444923491990235439538021,Millennium,3577385098,-153.04,PLN,Konto w USD,-1183860.84,PLN,0
73,2019-05-19,2019-05-21,STS.pl,Płatność STS.pl,PL34290597910531012250912936,Millennium,1562735040,-288.5,PLN,Konto w EUR,-1184149.34,PLN,1
74,2019-05-19,2019-05-21,Booking.com,Płatność Booking.com,PL28448937486996345530414350,mBank,3939892409,-436.91,EUR,Wspólne,-1184586.25,EUR,0
75,2019-05-20,2019-05-21,Firma XYZ,Płatność Firma XYZ,PL10766643625469749734052441,Santander,1925345701,7073.67,PLN,Wspólne,-1177512.58,PLN,0
76,2019-05-20,2019-05-22,Biuro Nieruchomości ZEFIR,Płatność Biuro Nieruchomości ZEFIR,PL92267116138433674061247549,mBank,1032598523,-381378.29,PLN,Wspólne,-1558890.87,PLN,1
77,2019-05-21,2019-05-22,Biedronka,Płatność Biedronka,PL17543530079841004680280232,ING,3475852032,-238.09,PLN,Wspólne,-1559128.96,PLN,0
78,2019-05-22,2019-05-23,Allegro,Płatność Allegro,PL18995923720457048074337851,ING,6762092117,-130.89,PLN,Moje,-1559259.85,PLN,0
79,2019-06-01,2019-06-02,Firma XYZ,Płatność Firma XYZ,PL68271831964149103430517152,mBank,8301503992,6719.34,PLN,Moje,-1552540.51,PLN,0
80,2019-06-03,2019-06-05,MediaMarkt,Płatność MediaMarkt,PL10072795037764147214494665,mBank,1932846334,-2609.94,PLN,Wspólne,-1555150.45,PLN,0
81,2019-06-07,2019-06-08,Booking.com,Płatność Booking.com,PL82531391788503184342823632,Santander,5619103195,-964.25,EUR,Konto w EUR,-1556114.7,EUR,0
82,2019-06-13,2019-06-14,Firma XYZ,Płatność Firma XYZ,PL11988216712217148845224009,ING,7936109089,6934.44,PLN,Konto w EUR,-1549180.26,PLN,0
83,2019-06-13,2019-06-14,Allegro,Płatność Allegro,PL26156689862188199577996425,ING,8172939011,-212.97,PLN,Konto w USD,-1549393.23,PLN,0
84,2019-06-13,2019-06-15,Santander Leasing,Płatność Santander Leasing,PL62609568591308716266275459,ING,2480049401,-2963.04,PLN,Konto w USD,-1552356.27,PLN,0
85,2019-06-15,2019-06-16,Santander Leasing,Płatność Santander Leasing,PL99054106443751046521610666,PKO BP,3378442596,-1880.28,PLN,Konto w EUR,-1554236.55,PLN,0
86,2019-06-18,2019-06-18,Lidl,Płatność Lidl,PL21478664735643401353081549,Millennium,1257157317,-145.69,PLN,Wspólne,-1554382.24,PLN,0
87,2019-06-20,2019-06-22,Amazon,Płatność Amazon,PL84038154370978267626147371,Millennium,2897512416,-78.67,USD,Konto w USD,-1554460.91,USD,0
88,2019-06-20,2019-06-21,Lidl,Płatność Lidl,PL48078181130507512446580562,PKO BP,1649264282,-155.91,PLN,Konto w USD,-1554616.82,PLN,0
89,2019-06-21,2019-06-21,PKO BP,Płatność PKO BP,PL21081460092174715969684527,PKO BP,8389326831,5621.94,PLN,Konto w EUR,-1548994.88,PLN,0
90,2019-06-22,2019-06-24,Santander Leasing,Płatność Santander Leasing,PL22863174442631446920929578,mBank,4632696653,-2064.8,PLN,Konto w EUR,-1551059.68,PLN,0
91,2019-06-24,2019-06-25,Allegro,Płatność Allegro,PL32159302714275607745261143,mBank,7173387385,-35.82,PLN,Konto w USD,-1551095.5,PLN,0
92,2019-06-24,2019-06-26,Firma XYZ,Płatność Firma XYZ,PL84082640172029021494091251,Millennium,8359880081,7418.91,PLN,Moje,-1543676.59,PLN,0
93,2019-06-26,2019-06-27,Lidl,Płatność Lidl,PL62999071310622293847635105,Millennium,9527364106,-159.09,PLN,Wspólne,-1543835.68,PLN,0
94,2019-06-29,2019-07-01,MediaMarkt,Płatność MediaMarkt,PL70014596854510859449529791,mBank,7133085671,-1709.19,PLN,Konto w EUR,-1545544.87,PLN,0
95,2019-06-29,2019-07-01,STS.pl,Płatność STS.pl,PL38330057379077757557666392,mBank,2483594333,-919.06,PLN,Wspólne,-1546463.93,PLN,1
96,2019-06-30,2019-07-02,Lidl,Płatność Lidl,PL70698046105145887018510800,mBank,7059050795,-194.02,PLN,Konto w USD,-1546657.95,PLN,0
97,2019-07-04,2019-07-04,MediaMarkt,Płatność MediaMarkt,PL35484032310610458073969018,mBank,7776411801,-1940.26,PLN,Konto w EUR,-1548598.21,PLN,0
98,2019-07-05,2019-07-05,PKO BP,Płatność PKO BP,PL31368369384811919480965225,mBank,7732286604,705.96,PLN,Konto w EUR,-1547892.25,PLN,0
99,2019-07-06,2019-07-06,Firma XYZ,Płatność Firma XYZ,PL26999575948748532711955029,PKO BP,3113940020,7300.75,PLN,Wspólne,-1540591.5,PLN,0
100,2019-07-11,2019-07-13,PokerStars,Płatność PokerStars,PL49830804075237737061581373,mBank,4721472104,-1434.09,EUR,Moje,-1542025.59,EUR,1
101,2019-07-12,2019-07-14,ATM ING,Płatność ATM ING,PL67447858633299452669408118,ING,1799063485,-948.19,PLN,Wspólne,-1542973.78,PLN,0
102,2019-07-12,2019-07-14,PGNiG,Płatność PGNiG,PL10967507728027774294437165,mBank,9206427606,-191.44,PLN,Konto w USD,-1543165.22,PLN,0
103,2019-07-18,2019-07-18,Biuro Nieruchomości ZEFIR,Płatność Biuro Nieruchomości ZEFIR,PL67808741145687566377388007,ING,3815090155,-442728.21,PLN,Konto w USD,-1985893.43,PLN,1
104,2019-07-18,2019-07-20,Zabka,Płatność Zabka,PL91967067097415213959656843,PKO BP,5697007311,-56.65,PLN,Konto w USD,-1985950.08,PLN,0
105,2019-07-20,2019-07-21,Auto Komis Katowice,Płatność Auto Komis Katowice,PL78815121159845212071543585,PKO BP,3978196985,-55209.51,PLN,Konto w EUR,-2041159.59,PLN,1
106,2019-07-21,2019-07-23,PokerStars,Płatność PokerStars,PL85551119498651792378092383,Santander,2912407355,-221.66,EUR,Konto w USD,-2041381.25,EUR,1
107,2019-07-22,2019-07-24,Allegro,Płatność Allegro,PL31760640235539123018851615,Millennium,2831109959,-139.89,PLN,Moje,-2041521.14,PLN,0
108,2019-07-22,2019-07-23,PKO BP,Płatność PKO BP,PL14188354484259655775166299,ING,7519727542,1139.95,PLN,Konto w EUR,-2040381.19,PLN,0
109,2019-07-23,2019-07-25,ATM ING,Płatność ATM ING,PL41496331338699173653591339,PKO BP,6207717733,-704.01,PLN,Konto w USD,-2041085.2,PLN,0
110,2019-07-26,2019-07-28,Biuro Nieruchomości ZEFIR,Płatność Biuro Nieruchomości ZEFIR,PL88842671569000428118892279,PKO BP,7894504944,-426205.13,PLN,Konto w USD,-2467290.33,PLN,1
111,2019-07-27,2019-07-28,Booking.com,Płatność Booking.com,PL77292244624261954494132123,Millennium,1571577634,-712.45,EUR,Konto w EUR,-2468002.78,EUR,0
112,2019-07-27,2019-07-27,Santander Leasing,Płatność Santander Leasing,PL18046392914772712138135393,ING,4724110138,-2135.92,PLN,Wspólne,-2470138.7,PLN,0
113,2019-08-01,2019-08-03,Vattenfall,Płatność Vattenfall,PL24481079029125972875748465,Millennium,4996589311,-243.24,PLN,Konto w EUR,-2470381.94,PLN,0
114,2019-08-01,2019-08-02,Biedronka,Płatność Biedronka,PL26755695579597748867689838,mBank,6548125017,-421.19,PLN,Moje,-2470803.13,PLN,0
115,2019-08-03,2019-08-03,Lidl,Płatność Lidl,PL93699187755963126402290784,ING,5448393478,-121.4,PLN,Konto w EUR,-2470924.53,PLN,0
116,2019-08-03,2019-08-03,Booking.com,Płatność Booking.com,PL47446176063005451628462660,ING,6792068144,-108.19,EUR,Konto w USD,-2471032.72,EUR,0
117,2019-08-03,2019-08-05,MediaMarkt,Płatność MediaMarkt,PL90843781762312908914963275,ING,3773373043,-2009.9,PLN,Konto w USD,-2473042.62,PLN,0
118,2019-08-07,2019-08-07,PGNiG,Płatność PGNiG,PL17727645568639406334407345,PKO BP,9770592892,-156.65,PLN,Moje,-2473199.27,PLN,0
119,2019-08-08,2019-08-08,PKO BP,Płatność PKO BP,PL59171160122030407717586380,Santander,6505427526,9260.66,PLN,Moje,-2463938.61,PLN,0
120,2019-08-10,2019-08-11,Lidl,Płatność Lidl,PL50583400490175206158488263,ING,1159780353,-180.9,PLN,Konto w USD,-2464119.51,PLN,0
121,2019-08-11,2019-08-11,PKO BP,Płatność PKO BP,PL24454323295352515491732729,ING,9280022678,4345.59,PLN,Konto w USD,-2459773.92,PLN,0
122,2019-08-16,2019-08-18,MediaMarkt,Płatność MediaMarkt,PL98009823375469020897735599,Millennium,8866681438,-2966.65,PLN,Konto w USD,-2462740.57,PLN,0
123,2019-08-16,2019-08-18,Urząd Skarbowy,Płatność Urząd Skarbowy,PL41252520319754624604733810,PKO BP,5981437770,-7474.85,PLN,Moje,-2470215.42,PLN,0
124,2019-08-20,2019-08-21,Lidl,Płatność Lidl,PL42090408605651380744645278,mBank,6109255798,-184.37,PLN,Konto w EUR,-2470399.79,PLN,0
125,2019-08-21,2019-08-23,Auto Komis Katowice,Płatność Auto Komis Katowice,PL60623868714277265891390056,Santander,4030482810,-46004.61,PLN,Konto w EUR,-2516404.4,PLN,1
126,2019-08-24,2019-08-26,Amazon,Płatność Amazon,PL48293374429050920552256614,Millennium,3186910855,-307.68,USD,Konto w EUR,-2516712.08,USD,0
127,2019-08-24,2019-08-25,STS.pl,Płatność STS.pl,PL24586691709231821193625570,Santander,8303158454,-837.0,PLN,Konto w EUR,-2517549.08,PLN,1
128,2019-08-25,2019-08-27,Auto Komis Katowice,Płatność Auto Komis Katowice,PL93472113321399550143558536,mBank,9285123081,-45649.72,PLN,Konto w USD,-2563198.8,PLN,1
129,2019-08-29,2019-08-31,Auto Komis Katowice,Płatność Auto Komis Katowice,PL10665451682960473652149583,PKO BP,1027745802,-52273.16,PLN,Konto w EUR,-2615471.96,PLN,1
130,2019-08-29,2019-08-30,Allegro,Płatność Allegro,PL37663243997898548682369268,Santander,8533156974,-72.55,PLN,Konto w USD,-2615544.51,PLN,0
131,2019-09-01,2019-09-01,Biuro Nieruchomości ZEFIR,Płatność Biuro Nieruchomości ZEFIR,PL49466499445834246570682860,mBank,9889003328,-462035.12,PLN,Konto w EUR,-3077579.63,PLN,1
132,2019-09-06,2019-09-07,Biedronka,Płatność Biedronka,PL90134793768749602524315265,mBank,9346787084,-124.07,PLN,Konto w USD,-3077703.7,PLN,0
133,2019-09-11,2019-09-12,PKO BP,Płatność PKO BP,PL94236942512727809901825192,Santander,4514075410,9698.67,PLN,Moje,-3068005.03,PLN,0
134,2019-09-12,2019-09-13,Auto Komis Katowice,Płatność Auto Komis Katowice,PL29352358785563935698448417,ING,8039058709,-58741.46,PLN,Wspólne,-3126746.49,PLN,1
135,2019-09-15,2019-09-16,Auto Komis Katowice,Płatność Auto Komis Katowice,PL83520619945288335621686649,Santander,4245570982,-57975.44,PLN,Moje,-3184721.93,PLN,1
136,2019-09-18,2019-09-20,MediaMarkt,Płatność MediaMarkt,PL70339667352685413507737182,PKO BP,3587885883,-1938.73,PLN,Moje,-3186660.66,PLN,0
137,2019-09-18,2019-09-18,Orlen,Płatność Orlen,PL17435367377272957317167874,PKO BP,2196827278,-281.48,PLN,Wspólne,-3186942.14,PLN,0
138,2019-09-21,2019-09-21,PGNiG,Płatność PGNiG,PL18020164049575154018483482,mBank,8139159634,-174.01,PLN,Konto w USD,-3187116.15,PLN,0
139,2019-09-25,2019-09-26,PKO BP,Płatność PKO BP,PL76104957068585332062646535,ING,3038978817,7695.22,PLN,Konto w USD,-3179420.93,PLN,0
140,2019-09-27,2019-09-27,Urząd Skarbowy,Płatność Urząd Skarbowy,PL55803107016977279349414355,ING,4670884538,-8258.66,PLN,Wspólne,-3187679.59,PLN,0
141,2019-09-29,2019-10-01,PGNiG,Płatność PGNiG,PL33573340822882081279402081,PKO BP,8901133586,-182.32,PLN,Wspólne,-3187861.91,PLN,0
142,2019-09-30,2019-09-30,Firma XYZ,Płatność Firma XYZ,PL40993493036289989839291264,PKO BP,9968937503,7523.23,PLN,Moje,-3180338.68,PLN,0
143,2019-10-03,2019-10-04,Vattenfall,Płatność Vattenfall,PL12055791922367025900368125,Santander,5386240502,-186.58,PLN,Konto w EUR,-3180525.26,PLN,0
144,2019-10-04,2019-10-05,Lidl,Płatność Lidl,PL86263568539016334951858926,Millennium,1490869240,-160.61,PLN,Konto w EUR,-3180685.87,PLN,0
145,2019-10-05,2019-10-05,Biedronka,Płatność Biedronka,PL20714792104218712994705022,Santander,4906403575,-385.35,PLN,Konto w USD,-3181071.22,PLN,0
146,2019-10-09,2019-10-11,Zabka,Płatność Zabka,PL72102146997779197908144060,mBank,4082789249,-25.53,PLN,Konto w EUR,-3181096.75,PLN,0
147,2019-10-11,2019-10-11,Orlen,Płatność Orlen,PL59307837384780601539428299,mBank,4065447021,-281.95,PLN,Konto w EUR,-3181378.7,PLN,0
148,2019-10-12,2019-10-14,Lidl,Płatność Lidl,PL26680766924088405844404547,mBank,7745052966,-187.33,PLN,Konto w USD,-3181566.03,PLN,0
149,2019-10-17,2019-10-19,Biuro Nieruchomości ZEFIR,Płatność Biuro Nieruchomości ZEFIR,PL47519799093210055441176589,Millennium,9264063291,-368257.94,PLN,Konto w USD,-3549823.97,PLN,1
150,2019-10-17,2019-10-19,PGNiG,Płatność PGNiG,PL34103674489372352703686860,ING,4764952857,-174.3,PLN,Moje,-3549998.27,PLN,0
151,2019-10-18,2019-10-18,Lidl,Płatność Lidl,PL73083597214345357954757951,Santander,2567092504,-163.12,PLN,Wspólne,-3550161.39,PLN,0
152,2019-10-18,2019-10-19,PGNiG,Płatność PGNiG,PL29889937452140066792070094,mBank,1011225863,-151.43,PLN,Moje,-3550312.82,PLN,0
153,2019-10-18,2019-10-18,ATM ING,Płatność ATM ING,PL17679797636199436861350534,ING,8500228243,-227.03,PLN,Moje,-3550539.85,PLN,0
154,2019-10-20,2019-10-22,PokerStars,Płatność PokerStars,PL42259394496403130363802653,PKO BP,5786919718,-263.43,EUR,Wspólne,-3550803.28,EUR,1
155,2019-10-20,2019-10-20,Biedronka,Płatność Biedronka,PL40661840894129000747755479,PKO BP,6227277682,-445.6,PLN,Wspólne,-3551248.88,PLN,0
156,2019-10-25,2019-10-26,Zabka,Płatność Zabka,PL18110859773042645283620345,Millennium,3528207961,-36.09,PLN,Moje,-3551284.97,PLN,0
157,2019-10-25,2019-10-27,Auto Komis Katowice,Płatność Auto Komis Katowice,PL10549578812411612932889314,mBank,1192650241,-51650.51,PLN,Wspólne,-3602935.48,PLN,1
158,2019-10-27,2019-10-29,PokerStars,Płatność PokerStars,PL61854647330667391025119889,Millennium,3933217062,-1428.14,EUR,Wspólne,-3604363.62,EUR,1
159,2019-10-28,2019-10-28,Biedronka,Płatność Biedronka,PL75718765513849603657040185,ING,7088048157,-465.56,PLN,Wspólne,-3604829.18,PLN,0
160,2019-10-28,2019-10-29,Auto Komis Katowice,Płatność Auto Komis Katowice,PL31715084367499069500615411,PKO BP,5581784456,-58742.85,PLN,Konto w EUR,-3663572.03,PLN,1
161,2019-10-28,2019-10-28,Orlen,Płatność Orlen,PL10579649213064130232017972,mBank,1946129680,-278.83,PLN,Moje,-3663850.86,PLN,0
162,2019-10-29,2019-10-30,Biedronka,Płatność Biedronka,PL11294726136657560333114559,Millennium,7153186561,-490.77,PLN,Wspólne,-3664341.63,PLN,0
163,2019-10-29,2019-10-30,Biuro Notarialne,Płatność Biuro Notarialne,PL96299810374656647557992076,Millennium,5241002910,-9791.46,PLN,Konto w EUR,-3674133.09,PLN,0
164,2019-11-02,2019-11-03,ATM ING,Płatność ATM ING,PL83405317453995821001166074,Santander,4128768918,-1067.45,PLN,Konto w USD,-3675200.54,PLN,0
165,2019-11-04,2019-11-06,Lidl,Płatność Lidl,PL25210205028157971340265052,Millennium,7422005186,-131.26,PLN,Konto w USD,-3675331.8,PLN,0
166,2019-11-05,2019-11-06,ATM ING,Płatność ATM ING,PL94295504074970725688461570,Millennium,8158715028,-1055.66,PLN,Moje,-3676387.46,PLN,0
167,2019-11-09,2019-11-10,Booking.com,Płatność Booking.com,PL34985499462249174482151919,Santander,9264884678,-742.27,EUR,Wspólne,-3677129.73,EUR,0
168,2019-11-12,2019-11-14,Biuro Nieruchomości ZEFIR,Płatność Biuro Nieruchomości ZEFIR,PL77310092616590571131390210,Santander,9638008427,-381783.06,PLN,Wspólne,-4058912.79,PLN,1
169,2019-11-13,2019-11-15,Orlen,Płatność Orlen,PL71150144017935427464563112,mBank,1725884178,-228.72,PLN,Moje,-4059141.51,PLN,0
170,2019-11-18,2019-11-20,Orlen,Płatność Orlen,PL92858523614711355800018288,ING,5877274935,-158.29,PLN,Konto w EUR,-4059299.8,PLN,0
171,2019-11-20,2019-11-20,Biuro Notarialne,Płatność Biuro Notarialne,PL77132574433991619961200195,mBank,8885327450,-9906.48,PLN,Konto w USD,-4069206.28,PLN,0
172,2019-11-20,2019-11-21,PGNiG,Płatność PGNiG,PL13812343074858657631379399,mBank,9311053254,-122.0,PLN,Moje,-4069328.28,PLN,0
173,2019-11-21,2019-11-21,Orlen,Płatność Orlen,PL69967612373547679882235538,mBank,3502730449,-121.87,PLN,Moje,-4069450.15,PLN,0
174,2019-11-24,2019-11-24,ATM ING,Płatność ATM ING,PL64543588603845314765520560,Santander,9988561480,-967.3,PLN,Konto w USD,-4070417.45,PLN,0
175,2019-11-24,2019-11-24,Booking.com,Płatność Booking.com,PL57717926465051406363356647,Millennium,2840524582,-665.87,EUR,Moje,-4071083.32,EUR,0
176,2019-11-30,2019-12-01,Urząd Skarbowy,Płatność Urząd Skarbowy,PL51744839095874728719728477,Millennium,9366141694,-8643.21,PLN,Konto w USD,-4079726.53,PLN,0
177,2019-12-09,2019-12-11,Urząd Skarbowy,Płatność Urząd Skarbowy,PL12578055017913489828104614,PKO BP,3532530033,-7836.71,PLN,Moje,-4087563.24,PLN,0
178,2019-12-11,2019-12-11,PKO BP,Płatność PKO BP,PL62596263359057384352738683,ING,9863987260,1465.92,PLN,Konto w USD,-4086097.32,PLN,0
179,2019-12-13,2019-12-13,Biedronka,Płatność Biedronka,PL72129132525838981341049748,Millennium,2480172663,-272.03,PLN,Wspólne,-4086369.35,PLN,0
180,2019-12-14,2019-12-16,STS.pl,Płatność STS.pl,PL28424604675899120326039272,Millennium,5362300755,-531.42,PLN,Wspólne,-4086900.77,PLN,1
181,2019-12-15,2019-12-16,Biedronka,Płatność Biedronka,PL50492905623938623759420495,PKO BP,9180617906,-56.14,PLN,Konto w USD,-4086956.91,PLN,0
182,2019-12-19,2019-12-19,ATM ING,Płatność ATM ING,PL79824810727693496624342959,mBank,6322400882,-537.43,PLN,Konto w EUR,-4087494.34,PLN,0
183,2019-12-26,2019-12-27,Zabka,Płatność Zabka,PL24239663228305779626491572,mBank,6605256729,-145.51,PLN,Konto w EUR,-4087639.85,PLN,0
184,2019-12-30,2020-01-01,Santander Leasing,Płatność Santander Leasing,PL49569548013730624935786887,ING,8388894666,-2613.95,PLN,Konto w USD,-4090253.8,PLN,0
185,2020-01-03,2020-01-05,Allegro,Płatność Allegro,PL49364304426319293570338377,mBank,4111933993,-127.71,PLN,Konto w EUR,-4090381.51,PLN,0
186,2020-01-04,2020-01-06,Firma XYZ,Płatność Firma XYZ,PL40735992906076214368558081,mBank,3176159094,7482.97,PLN,Konto w EUR,-4082898.54,PLN,0
187,2020-01-05,2020-01-05,Auto Komis Katowice,Płatność Auto Komis Katowice,PL76378283239385007057949768,PKO BP,8965772796,-56121.14,PLN,Konto w USD,-4139019.68,PLN,1
188,2020-01-06,2020-01-06,Allegro,Płatność Allegro,PL56378431876901733037921029,Millennium,2345140115,-147.23,PLN,Wspólne,-4139166.91,PLN,0
189,2020-01-06,2020-01-06,Zabka,Płatność Zabka,PL83156419741008930612456687,mBank,7547784647,-174.92,PLN,Moje,-4139341.83,PLN,0
190,2020-01-12,2020-01-12,MediaMarkt,Płatność MediaMarkt,PL34614583470981346432459095,Santander,6376535626,-2851.64,PLN,Wspólne,-4142193.47,PLN,0
191,2020-01-15,2020-01-16,Santander Leasing,Płatność Santander Leasing,PL65093138668539142414745194,ING,8689905174,-2996.18,PLN,Konto w EUR,-4145189.65,PLN,0
192,2020-01-20,2020-01-22,Biedronka,Płatność Biedronka,PL51647389929793836357529062,Santander,2990636104,-212.53,PLN,Moje,-4145402.18,PLN,0
193,2020-01-20,2020-01-22,Biedronka,Płatność Biedronka,PL97761366226456857707034700,ING,8288314594,-256.05,PLN,Konto w USD,-4145658.23,PLN,0
194,2020-01-26,2020-01-26,Amazon,Płatność Amazon,PL31954648997927189923109601,Millennium,6646732159,-733.88,USD,Konto w EUR,-4146392.11,USD,0
195,2020-01-27,2020-01-27,Zabka,Płatność Zabka,PL19816177131566598933803783,Santander,5886415510,-63.5,PLN,Konto w EUR,-4146455.61,PLN,0
196,2020-01-30,2020-02-01,PKO BP,Płatność PKO BP,PL10752915591973205427606352,mBank,9557538383,3866.3,PLN,Moje,-4142589.31,PLN,0
197,2020-02-02,2020-02-03,STS.pl,Płatność STS.pl,PL42452237346451191578385512,mBank,1278014046,-1922.9,PLN,Konto w USD,-4144512.21,PLN,1
198,2020-02-02,2020-02-03,Biuro Notarialne,Płatność Biuro Notarialne,PL86051438656417373943939371,Millennium,8552409831,-9059.29,PLN,Wspólne,-4153571.5,PLN,0
199,2020-02-10,2020-02-11,Booking.com,Płatność Booking.com,PL25562520110314935974753770,ING,1610899978,-807.61,EUR,Konto w EUR,-4154379.11,EUR,0
200,2020-02-14,2020-02-16,Biuro Nieruchomości ZEFIR,Płatność Biuro Nieruchomości ZEFIR,PL35821860617162293256845409,Santander,2537468258,-355838.5,PLN,Konto w USD,-4510217.61,PLN,1
201,2020-02-15,2020-02-17,Vattenfall,Płatność Vattenfall,PL38345523466127048707906848,mBank,9809461360,-172.35,PLN,Konto w EUR,-4510389.96,PLN,0
202,2020-02-15,2020-02-17,Lidl,Płatność Lidl,PL63937290005502750240612474,mBank,5639625630,-106.81,PLN,Konto w USD,-4510496.77,PLN,0
203,2020-02-16,2020-02-18,Biedronka,Płatność Biedronka,PL45923513787763621180258997,mBank,1402726139,-409.18,PLN,Konto w USD,-4510905.95,PLN,0
204,2020-02-18,2020-02-19,PGNiG,Płatność PGNiG,PL14835808397923761311535496,Santander,5877847867,-147.52,PLN,Wspólne,-4511053.47,PLN,0
205,2020-02-20,2020-02-20,Auto Komis Katowice,Płatność Auto Komis Katowice,PL40916991280054283063360669,PKO BP,7194467511,-57678.02,PLN,Konto w USD,-4568731.49,PLN,1
206,2020-02-24,2020-02-26,PKO BP,Płatność PKO BP,PL23442324030499377673998971,mBank,8861745803,9978.03,PLN,Konto w EUR,-4558753.46,PLN,0
207,2020-02-25,2020-02-27,Santander Leasing,Płatność Santander Leasing,PL75827773668259449107808217,mBank,4792328066,-2662.97,PLN,Wspólne,-4561416.43,PLN,0
208,2020-03-03,2020-03-04,Santander Leasing,Płatność Santander Leasing,PL28341367522621470756703267,Millennium,8108182561,-1834.5,PLN,Konto w USD,-4563250.93,PLN,0
209,2020-03-03,2020-03-04,STS.pl,Płatność STS.pl,PL19162422756830631840608831,Santander,3452511942,-126.82,PLN,Moje,-4563377.75,PLN,1
210,2020-03-12,2020-03-13,Biuro Notarialne,Płatność Biuro Notarialne,PL61997674774085107474223444,ING,5549728898,-11329.03,PLN,Konto w EUR,-4574706.78,PLN,1
211,2020-04-01,2020-04-03,Biedronka,Płatność Biedronka,PL32103212302296155942130683,PKO BP,7093583669,-370.52,PLN,Wspólne,-4575077.3,PLN,0
212,2020-04-04,2020-04-05,PKO BP,Płatność PKO BP,PL43318080454467623703796298,mBank,4357138100,9502.61,PLN,Moje,-4565574.69,PLN,0
213,2020-04-24,2020-04-26,PGNiG,Płatność PGNiG,PL23996705688580867320401206,mBank,3792643135,-160.17,PLN,Moje,-4565734.86,PLN,0
214,2020-04-25,2020-04-26,ATM ING,Płatność ATM ING,PL72011169643483294993448163,mBank,2573108158,-680.09,PLN,Wspólne,-4566414.95,PLN,0
215,2020-04-26,2020-04-26,Auto Komis Katowice,Płatność Auto Komis Katowice,PL26567799997807906607860765,PKO BP,2096727229,-47635.56,PLN,Konto w USD,-4614050.51,PLN,1
216,2020-04-29,2020-05-01,Urząd Skarbowy,Płatność Urząd Skarbowy,PL82196394324215463668239574,PKO BP,1274548823,-8602.65,PLN,Konto w EUR,-4622653.16,PLN,0
217,2020-04-29,2020-04-30,PGNiG,Płatność PGNiG,PL77448956320560735898133893,Millennium,2599927545,-167.24,PLN,Moje,-4622820.4,PLN,0
218,2020-05-01,2020-05-02,Biedronka,Płatność Biedronka,PL84865808024564236033716497,Santander,3759588762,-358.55,PLN,Konto w EUR,-4623178.95,PLN,0
219,2020-05-03,2020-05-04,Zabka,Płatność Zabka,PL27747770830249570528529964,Santander,3598269004,-93.44,PLN,Konto w USD,-4623272.39,PLN,0
220,2020-05-03,2020-05-04,PokerStars,Płatność PokerStars,PL43057551393874285040908897,PKO BP,3187141812,-1636.91,EUR,Konto w USD,-4624909.3,EUR,1
221,2020-05-08,2020-05-09,ATM ING,Płatność ATM ING,PL18290367886073893247023322,Millennium,3100976852,-1090.9,PLN,Wspólne,-4626000.2,PLN,0
222,2020-05-09,2020-05-09,STS.pl,Płatność STS.pl,PL71443637187143546666823815,Millennium,4865009241,-286.11,PLN,Konto w EUR,-4626286.31,PLN,1
223,2020-05-09,2020-05-11,Orlen,Płatność Orlen,PL31185631022155504386522948,Millennium,7232946249,-143.57,PLN,Moje,-4626429.88,PLN,0
224,2020-05-12,2020-05-14,Orlen,Płatność Orlen,PL67743715340452510830654934,PKO BP,5537545737,-228.69,PLN,Konto w EUR,-4626658.57,PLN,0
225,2020-05-19,2020-05-19,PokerStars,Płatność PokerStars,PL37479431899251697167482516,ING,8070383546,-197.13,EUR,Wspólne,-4626855.7,EUR,1
226,2020-05-19,2020-05-21,Auto Komis Katowice,Płatność Auto Komis Katowice,PL63574964368373531655215243,ING,7011945150,-52415.51,PLN,Konto w USD,-4679271.21,PLN,1
227,2020-05-20,2020-05-22,Biedronka,Płatność Biedronka,PL52121001146667852436330593,ING,6178508409,-156.98,PLN,Konto w USD,-4679428.19,PLN,0
228,2020-05-24,2020-05-26,Orlen,Płatność Orlen,PL20647435323073083271501980,Millennium,1627905541,-235.88,PLN,Konto w USD,-4679664.07,PLN,0
229,2020-05-24,2020-05-26,Auto Komis Katowice,Płatność Auto Komis Katowice,PL95024914117964091184887415,PKO BP,2917304394,-52574.83,PLN,Moje,-4732238.9,PLN,1
230,2020-05-27,2020-05-27,Biedronka,Płatność Biedronka,PL47708319573691300535747199,PKO BP,6501068329,-442.11,PLN,Moje,-4732681.01,PLN,0
231,2020-05-31,2020-06-01,PKO BP,Płatność PKO BP,PL10452150890660347592637854,ING,6021070068,5682.17,PLN,Wspólne,-4726998.84,PLN,0
232,2020-06-03,2020-06-05,STS.pl,Płatność STS.pl,PL40482243665752489444517755,ING,8181693747,-159.9,PLN,Moje,-4727158.74,PLN,1
233,2020-06-04,2020-06-04,Santander Leasing,Płatność Santander Leasing,PL46760468842617772268720956,Millennium,9959102941,-2066.72,PLN,Konto w USD,-4729225.46,PLN,0
234,2020-06-06,2020-06-07,Amazon,Płatność Amazon,PL82087810037709770024605956,Millennium,7382716294,-597.17,USD,Konto w USD,-4729822.63,USD,0
235,2020-06-09,2020-06-11,STS.pl,Płatność STS.pl,PL30023910321074426669181165,ING,4080657131,-187.73,PLN,Moje,-4730010.36,PLN,1
236,2020-06-11,2020-06-11,Lidl,Płatność Lidl,PL77112060950764187288449831,PKO BP,4411393967,-189.6,PLN,Konto w EUR,-4730199.96,PLN,0
237,2020-06-11,2020-06-12,PKO BP,Płatność PKO BP,PL91872129000536595397506650,mBank,4236149857,2212.88,PLN,Konto w EUR,-4727987.08,PLN,0
238,2020-06-11,2020-06-13,PGNiG,Płatność PGNiG,PL75040699102929854248198409,Millennium,3029848575,-148.94,PLN,Konto w USD,-4728136.02,PLN,0
239,2020-06-12,2020-06-12,Urząd Skarbowy,Płatność Urząd Skarbowy,PL76196684430043461688879730,Santander,1336069787,-6030.59,PLN,Konto w USD,-4734166.61,PLN,0
240,2020-06-13,2020-06-14,Orlen,Płatność Orlen,PL87529999153102334471961390,Millennium,2828183125,-246.87,PLN,Konto w EUR,-4734413.48,PLN,0
241,2020-06-13,2020-06-14,Firma XYZ,Płatność Firma XYZ,PL94164882831025936189594931,PKO BP,5037078715,6659.83,PLN,Konto w EUR,-4727753.65,PLN,0
242,2020-06-15,2020-06-17,Urząd Skarbowy,Płatność Urząd Skarbowy,PL40267198131214252793509591,Millennium,7548763875,-6966.51,PLN,Konto w EUR,-4734720.16,PLN,0
243,2020-06-19,2020-06-19,Biedronka,Płatność Biedronka,PL54672589980383092996357271,Santander,5129245075,-124.64,PLN,Konto w EUR,-4734844.8,PLN,0
244,2020-06-20,2020-06-22,PGNiG,Płatność PGNiG,PL37220557543809446190269926,Santander,2822195389,-183.0,PLN,Wspólne,-4735027.8,PLN,0
245,2020-06-23,2020-06-25,Zabka,Płatność Zabka,PL21082400048557718722770102,Santander,2280717524,-73.43,PLN,Moje,-4735101.23,PLN,0
246,2020-06-23,2020-06-24,Urząd Skarbowy,Płatność Urząd Skarbowy,PL27438652139886984326309717,Millennium,2810321015,-5113.41,PLN,Konto w USD,-4740214.64,PLN,0
247,2020-06-24,2020-06-25,Vattenfall,Płatność Vattenfall,PL70086215152745902253990937,mBank,1093834239,-221.88,PLN,Konto w USD,-4740436.52,PLN,0
248,2020-06-25,2020-06-27,Auto Komis Katowice,Płatność Auto Komis Katowice,PL10462667055335465553440225,ING,6239384745,-53380.99,PLN,Wspólne,-4793817.51,PLN,1
249,2020-06-25,2020-06-27,Firma XYZ,Płatność Firma XYZ,PL22187207509919125371229443,mBank,5089189426,7593.4,PLN,Moje,-4786224.11,PLN,0
250,2020-06-25,2020-06-27,STS.pl,Płatność STS.pl,PL61038809061946807046781141,Millennium,6252977800,-1016.85,PLN,Moje,-4787240.96,PLN,1
251,2020-06-26,2020-06-28,Biedronka,Płatność Biedronka,PL32461487654093951626361494,Millennium,1404533615,-458.53,PLN,Konto w USD,-4787699.49,PLN,0
252,2020-06-26,2020-06-27,STS.pl,Płatność STS.pl,PL84247652013806080016067417,ING,3227343782,-343.74,PLN,Moje,-4788043.23,PLN,1
253,2020-06-27,2020-06-27,Booking.com,Płatność Booking.com,PL18267639806995850747822887,Santander,8113191226,-559.65,EUR,Konto w USD,-4788602.88,EUR,0
254,2020-06-28,2020-06-29,PGNiG,Płatność PGNiG,PL34949116503304431914169300,PKO BP,5752190436,-166.53,PLN,Moje,-4788769.41,PLN,0
255,2020-06-28,2020-06-30,PKO BP,Płatność PKO BP,PL74606382033265708460397031,mBank,9997616420,3152.01,PLN,Moje,-4785617.4,PLN,0
256,2020-06-29,2020-06-29,Zabka,Płatność Zabka,PL64531118048328125110319483,Santander,4513180596,-97.88,PLN,Konto w USD,-4785715.28,PLN,0
257,2020-06-30,2020-07-02,PKO BP,Płatność PKO BP,PL73525008456823900963750970,PKO BP,1305074068,4476.25,PLN,Wspólne,-4781239.03,PLN,0
258,2020-07-06,2020-07-07,MediaMarkt,Płatność MediaMarkt,PL92075622146447039870113023,PKO BP,3996596068,-2779.42,PLN,Moje,-4784018.45,PLN,0
259,2020-07-08,2020-07-10,Allegro,Płatność Allegro,PL21893473670376896213409751,Santander,9551744392,-203.61,PLN,Konto w EUR,-4784222.06,PLN,0
260,2020-07-08,2020-07-10,Allegro,Płatność Allegro,PL27782885816038693610410670,Santander,6130209407,-244.74,PLN,Moje,-4784466.8,PLN,0
261,2020-07-08,2020-07-09,Amazon,Płatność Amazon,PL91531267380704811554562128,mBank,4641637153,-84.58,USD,Konto w EUR,-4784551.38,USD,0
262,2020-07-13,2020-07-14,Biuro Notarialne,Płatność Biuro Notarialne,PL65282873940499648471944005,mBank,8630116447,-11339.18,PLN,Wspólne,-4795890.56,PLN,1
263,2020-07-15,2020-07-15,PokerStars,Płatność PokerStars,PL84559436528017740472538633,mBank,3714924293,-1420.2,EUR,Wspólne,-4797310.76,EUR,1
264,2020-07-17,2020-07-19,PokerStars,Płatność PokerStars,PL26378150949289434417761374,Santander,8768401728,-1576.67,EUR,Moje,-4798887.43,EUR,1
265,2020-07-17,2020-07-17,Biuro Notarialne,Płatność Biuro Notarialne,PL96292380542777491454650554,ING,8866114553,-10802.26,PLN,Konto w USD,-4809689.69,PLN,1
266,2020-07-18,2020-07-18,Santander Leasing,Płatność Santander Leasing,PL26448167282569115558222513,PKO BP,4035117757,-2877.64,PLN,Konto w USD,-4812567.33,PLN,0
267,2020-07-18,2020-07-18,Biedronka,Płatność Biedronka,PL46096928134335236698833688,Millennium,7864363337,-104.68,PLN,Konto w EUR,-4812672.01,PLN,0
268,2020-07-20,2020-07-22,Vattenfall,Płatność Vattenfall,PL59260577398904366257879211,PKO BP,5697904032,-164.65,PLN,Konto w USD,-4812836.66,PLN,0
269,2020-07-25,2020-07-26,Allegro,Płatność Allegro,PL11342687631672451034072298,Santander,7862566641,-239.51,PLN,Konto w EUR,-4813076.17,PLN,0
270,2020-07-30,2020-07-31,Biuro Notarialne,Płatność Biuro Notarialne,PL66072868750767719091977448,Millennium,7607288921,-8184.57,PLN,Wspólne,-4821260.74,PLN,0
271,2020-07-30,2020-07-30,Vattenfall,Płatność Vattenfall,PL84811055794236065470768970,PKO BP,4975976994,-287.2,PLN,Konto w USD,-4821547.94,PLN,0
272,2020-08-01,2020-08-01,Firma XYZ,Płatność Firma XYZ,PL41907257174730229380869832,PKO BP,3020646988,7262.33,PLN,Konto w USD,-4814285.61,PLN,0
273,2020-08-08,2020-08-08,Orlen,Płatność Orlen,PL28727524475588736029151728,Santander,3821202205,-105.76,PLN,Konto w EUR,-4814391.37,PLN,0
274,2020-08-09,2020-08-11,Zabka,Płatność Zabka,PL30519481215940603712733166,PKO BP,3776006256,-147.14,PLN,Konto w EUR,-4814538.51,PLN,0
275,2020-08-11,2020-08-12,PKO BP,Płatność PKO BP,PL45518684074022761105230892,ING,4918568036,7039.28,PLN,Wspólne,-4807499.23,PLN,0
276,2020-08-11,2020-08-13,Amazon,Płatność Amazon,PL12230781395875469471812973,ING,8691868390,-361.26,USD,Konto w EUR,-4807860.49,USD,0
277,2020-08-17,2020-08-17,Vattenfall,Płatność Vattenfall,PL95533456576540804596788639,mBank,1132359443,-175.23,PLN,Konto w EUR,-4808035.72,PLN,0
278,2020-08-23,2020-08-23,Amazon,Płatność Amazon,PL11133153380699993056350152,Millennium,6616315434,-651.6,USD,Konto w USD,-4808687.32,USD,0
279,2020-08-24,2020-08-24,Urząd Skarbowy,Płatność Urząd Skarbowy,PL28261983161163158344659842,Millennium,6739635525,-8209.31,PLN,Konto w EUR,-4816896.63,PLN,0
280,2020-08-24,2020-08-26,Zabka,Płatność Zabka,PL25946237831740068520394260,mBank,7420945161,-130.28,PLN,Wspólne,-4817026.91,PLN,0
281,2020-08-24,2020-08-26,Biuro Notarialne,Płatność Biuro Notarialne,PL16024346302672076163056757,mBank,3732833956,-10156.61,PLN,Konto w EUR,-4827183.52,PLN,1
282,2020-09-03,2020-09-05,PokerStars,Płatność PokerStars,PL69659964924607431070999156,ING,1303220952,-1981.22,EUR,Wspólne,-4829164.74,EUR,1
283,2020-09-03,2020-09-03,PokerStars,Płatność PokerStars,PL38045309366655546230514270,Millennium,1753459205,-828.33,EUR,Wspólne,-4829993.07,EUR,1
284,2020-09-04,2020-09-06,Amazon,Płatność Amazon,PL76969804594321952858720650,Millennium,9585544957,-397.22,USD,Wspólne,-4830390.29,USD,0
285,2020-09-08,2020-09-09,STS.pl,Płatność STS.pl,PL93136878823641384389808934,Santander,9990528458,-1182.71,PLN,Konto w EUR,-4831573.0,PLN,1
286,2020-09-11,2020-09-13,Booking.com,Płatność Booking.com,PL93834231992020816017973126,PKO BP,8705134595,-843.03,EUR,Wspólne,-4832416.03,EUR,0
287,2020-09-12,2020-09-12,Vattenfall,Płatność Vattenfall,PL55502973733051896050041268,ING,6920813013,-248.06,PLN,Wspólne,-4832664.09,PLN,0
288,2020-09-15,2020-09-17,MediaMarkt,Płatność MediaMarkt,PL39604633726796349573767763,PKO BP,8756510899,-2617.02,PLN,Wspólne,-4835281.11,PLN,0
289,2020-09-15,2020-09-17,Amazon,Płatność Amazon,PL25865368890662663349005415,Millennium,6932419008,-224.45,USD,Konto w EUR,-4835505.56,USD,0
290,2020-09-18,2020-09-18,Biedronka,Płatność Biedronka,PL66012354253303155144717564,mBank,6049712757,-278.48,PLN,Wspólne,-4835784.04,PLN,0
291,2020-09-22,2020-09-22,Auto Komis Katowice,Płatność Auto Komis Katowice,PL61029349040011437040230976,mBank,5384403780,-47648.93,PLN,Konto w EUR,-4883432.97,PLN,1
292,2020-09-22,2020-09-24,Allegro,Płatność Allegro,PL99382001709162807854272688,mBank,1035462419,-121.81,PLN,Konto w USD,-4883554.78,PLN,0
293,2020-09-23,2020-09-25,Biuro Notarialne,Płatność Biuro Notarialne,PL60563526857642058220626132,PKO BP,8996744137,-11494.5,PLN,Konto w USD,-4895049.28,PLN,1
294,2020-09-23,2020-09-25,PokerStars,Płatność PokerStars,PL41166558524051864139898467,ING,7823427148,-185.12,EUR,Konto w EUR,-4895234.4,EUR,1
295,2020-09-24,2020-09-26,ATM ING,Płatność ATM ING,PL42846649831871319503080695,mBank,9529612215,-915.62,PLN,Konto w USD,-4896150.02,PLN,0
296,2020-09-25,2020-09-27,Firma XYZ,Płatność Firma XYZ,PL79630084231360453256866573,Millennium,7783431578,7274.52,PLN,Konto w USD,-4888875.5,PLN,0
297,2020-09-25,2020-09-26,Zabka,Płatność Zabka,PL77039136193275318840417340,Millennium,1221148990,-93.54,PLN,Konto w EUR,-4888969.04,PLN,0
298,2020-10-01,2020-10-03,Biuro Notarialne,Płatność Biuro Notarialne,PL14072323158834641234839267,PKO BP,9355126557,-9761.26,PLN,Moje,-4898730.3,PLN,0
299,2020-10-04,2020-10-04,PokerStars,Płatność PokerStars,PL74811000155850706508250590,Santander,8421255200,-845.16,EUR,Moje,-4899575.46,EUR,1
300,2020-10-04,2020-10-06,PokerStars,Płatność PokerStars,PL75359756604445596671824958,ING,3947313852,-245.49,EUR,Konto w USD,-4899820.95,EUR,1
301,2020-10-06,2020-10-06,Lidl,Płatność Lidl,PL37962288244001313374072355,PKO BP,9441977143,-159.46,PLN,Konto w USD,-4899980.41,PLN,0
302,2020-10-09,2020-10-09,Biuro Nieruchomości ZEFIR,Płatność Biuro Nieruchomości ZEFIR,PL53055381838997259680768174,mBank,9661397875,-453424.58,PLN,Konto w EUR,-5353404.99,PLN,1
303,2020-10-12,2020-10-14,Santander Leasing,Płatność Santander Leasing,PL84968494483080061248982031,mBank,2335162181,-2290.23,PLN,Wspólne,-5355695.22,PLN,0
304,2020-10-15,2020-10-16,Vattenfall,Płatność Vattenfall,PL77256285838863208105879020,ING,3524699378,-285.19,PLN,Konto w EUR,-5355980.41,PLN,0
305,2020-10-16,2020-10-16,Orlen,Płatność Orlen,PL18618693861631400352622703,PKO BP,7609599455,-124.87,PLN,Konto w USD,-5356105.28,PLN,0
306,2020-10-16,2020-10-17,Santander Leasing,Płatność Santander Leasing,PL89562749647823015477986503,ING,7997296331,-2693.48,PLN,Wspólne,-5358798.76,PLN,0
307,2020-10-18,2020-10-19,MediaMarkt,Płatność MediaMarkt,PL18011123371516730696104460,Santander,6136189693,-2470.24,PLN,Konto w EUR,-5361269.0,PLN,0
308,2020-10-23,2020-10-25,Amazon,Płatność Amazon,PL13363414853931623671633490,ING,5901855460,-39.68,USD,Konto w USD,-5361308.68,USD,0
309,2020-10-29,2020-10-31,Biuro Notarialne,Płatność Biuro Notarialne,PL10237339653484423256837182,mBank,2584299520,-9333.85,PLN,Konto w USD,-5370642.53,PLN,0
310,2020-10-31,2020-10-31,Orlen,Płatność Orlen,PL83479187924057406119914448,ING,4829107532,-170.06,PLN,Konto w USD,-5370812.59,PLN,0
311,2020-10-31,2020-10-31,PokerStars,Płatność PokerStars,PL40066937453517683308233880,Santander,6221099461,-888.41,EUR,Konto w EUR,-5371701.0,EUR,1
312,2020-11-02,2020-11-02,PGNiG,Płatność PGNiG,PL72356013370009596515232343,Millennium,2050571152,-136.9,PLN,Moje,-5371837.9,PLN,0
313,2020-11-02,2020-11-03,Auto Komis Katowice,Płatność Auto Komis Katowice,PL40356794928138126254108082,PKO BP,6887471533,-46079.09,PLN,Konto w USD,-5417916.99,PLN,1
314,2020-11-06,2020-11-08,Booking.com,Płatność Booking.com,PL29193004120500155720367437,Santander,6589698707,-502.94,EUR,Konto w EUR,-5418419.93,EUR,0
315,2020-11-08,2020-11-08,Orlen,Płatność Orlen,PL31030263895868275225630581,Santander,6980369649,-192.31,PLN,Konto w EUR,-5418612.24,PLN,0
316,2020-11-10,2020-11-10,Biedronka,Płatność Biedronka,PL95768817430624147168801679,Millennium,7424832732,-279.25,PLN,Konto w USD,-5418891.49,PLN,0
317,2020-11-12,2020-11-13,Urząd Skarbowy,Płatność Urząd Skarbowy,PL54141803100491376587642517,Millennium,8356686869,-7679.65,PLN,Wspólne,-5426571.14,PLN,0
318,2020-11-15,2020-11-15,Biuro Nieruchomości ZEFIR,Płatność Biuro Nieruchomości ZEFIR,PL49265901530739598554996661,ING,4367289409,-420828.32,PLN,Konto w USD,-5847399.46,PLN,1
319,2020-11-18,2020-11-20,Firma XYZ,Płatność Firma XYZ,PL53543382133397382923883722,ING,1645523507,7198.6,PLN,Konto w USD,-5840200.86,PLN,0
320,2020-11-19,2020-11-21,Santander Leasing,Płatność Santander Leasing,PL40905367896312192066485743,mBank,1379103373,-2360.7,PLN,Konto w EUR,-5842561.56,PLN,0
321,2020-11-25,2020-11-25,Lidl,Płatność Lidl,PL42180396262377980417309298,ING,9728740274,-171.98,PLN,Moje,-5842733.54,PLN,0
322,2020-11-25,2020-11-26,Biuro Nieruchomości ZEFIR,Płatność Biuro Nieruchomości ZEFIR,PL71653747934089196011449435,mBank,1644310097,-520221.16,PLN,Konto w EUR,-6362954.7,PLN,1
323,2020-12-06,2020-12-08,Vattenfall,Płatność Vattenfall,PL66551729934989021142837000,PKO BP,3906979852,-201.51,PLN,Konto w USD,-6363156.21,PLN,0
324,2020-12-08,2020-12-10,Santander Leasing,Płatność Santander Leasing,PL82174237601072643518036741,ING,1337933926,-2980.62,PLN,Moje,-6366136.83,PLN,0
325,2020-12-08,2020-12-08,Amazon,Płatność Amazon,PL22172712701430289330724477,Millennium,8454337824,-656.57,USD,Konto w EUR,-6366793.4,USD,0
326,2020-12-11,2020-12-11,Booking.com,Płatność Booking.com,PL43275279245145355830617737,Santander,6483306674,-132.43,EUR,Konto w USD,-6366925.83,EUR,0
327,2020-12-14,2020-12-15,Booking.com,Płatność Booking.com,PL79429439746564546077200211,Santander,4965615534,-346.36,EUR,Konto w USD,-6367272.19,EUR,0
328,2020-12-18,2020-12-20,MediaMarkt,Płatność MediaMarkt,PL94730809436951530947875124,PKO BP,9657892618,-2230.29,PLN,Konto w EUR,-6369502.48,PLN,0
329,2020-12-18,2020-12-20,ATM ING,Płatność ATM ING,PL12595943422703862153152692,Millennium,5586163550,-679.52,PLN,Wspólne,-6370182.0,PLN,0
330,2020-12-25,2020-12-27,Amazon,Płatność Amazon,PL37928033505489864146846515,Millennium,4025253362,-561.03,USD,Konto w USD,-6370743.03,USD,0
331,2020-12-30,2020-12-31,Santander Leasing,Płatność Santander Leasing,PL58828328968958456693864997,mBank,8894905381,-2889.92,PLN,Wspólne,-6373632.95,PLN,0
332,2021-01-04,2021-01-06,Biuro Notarialne,Płatność Biuro Notarialne,PL34072685846665277703156183,ING,2088245263,-10140.12,PLN,Konto w EUR,-6383773.07,PLN,1
333,2021-01-04,2021-01-05,Booking.com,Płatność Booking.com,PL70125161425604885259672571,Santander,5433400629,-255.47,EUR,Konto w USD,-6384028.54,EUR,0
334,2021-01-06,2021-01-08,PGNiG,Płatność PGNiG,PL95381220046871169685450143,Millennium,4599219091,-156.09,PLN,Konto w EUR,-6384184.63,PLN,0
335,2021-01-16,2021-01-17,Orlen,Płatność Orlen,PL35944060531810081665611247,mBank,7250067203,-246.65,PLN,Konto w EUR,-6384431.28,PLN,0
336,2021-01-17,2021-01-17,ATM ING,Płatność ATM ING,PL50613045455543325397016525,mBank,1442860971,-203.46,PLN,Wspólne,-6384634.74,PLN,0
337,2021-01-18,2021-01-18,Amazon,Płatność Amazon,PL44919237263657373353445969,mBank,5261089429,-631.9,USD,Konto w USD,-6385266.64,USD,0
338,2021-01-18,2021-01-20,Santander Leasing,Płatność Santander Leasing,PL86891653057138115692980564,Santander,2298997122,-2172.11,PLN,Wspólne,-6387438.75,PLN,0
339,2021-01-23,2021-01-24,Booking.com,Płatność Booking.com,PL21815349253553514804554630,Millennium,3896165215,-970.91,EUR,Moje,-6388409.66,EUR,0
340,2021-01-24,2021-01-24,ATM ING,Płatność ATM ING,PL51399145889008708421623961,Santander,8612597743,-661.94,PLN,Moje,-6389071.6,PLN,0
341,2021-01-25,2021-01-26,Urząd Skarbowy,Płatność Urząd Skarbowy,PL91584616742208694361223473,Millennium,5805756498,-5260.22,PLN,Konto w EUR,-6394331.82,PLN,0
342,2021-01-30,2021-01-31,PokerStars,Płatność PokerStars,PL18957399868763228380458728,Millennium,7539149856,-1765.97,EUR,Moje,-6396097.79,EUR,1
343,2021-01-30,2021-01-31,STS.pl,Płatność STS.pl,PL68045170154797698536110875,mBank,4716653684,-1945.14,PLN,Konto w USD,-6398042.93,PLN,1
344,2021-01-31,2021-02-01,Orlen,Płatność Orlen,PL43290085993415653823804532,Millennium,4667105702,-169.03,PLN,Wspólne,-6398211.96,PLN,0
345,2021-02-01,2021-02-03,PGNiG,Płatność PGNiG,PL24189873281220813267158054,Millennium,4287494121,-162.6,PLN,Moje,-6398374.56,PLN,0
346,2021-02-02,2021-02-04,Allegro,Płatność Allegro,PL49954666649650200939190610,Santander,6107053685,-289.34,PLN,Wspólne,-6398663.9,PLN,0
347,2021-02-03,2021-02-04,Biuro Notarialne,Płatność Biuro Notarialne,PL67250925243705947093161167,Millennium,4612858179,-11928.12,PLN,Moje,-6410592.02,PLN,1
348,2021-02-04,2021-02-06,Biuro Nieruchomości ZEFIR,Płatność Biuro Nieruchomości ZEFIR,PL19797401017400802926577299,Millennium,2350315405,-497101.11,PLN,Konto w USD,-6907693.13,PLN,1
349,2021-02-06,2021-02-08,Allegro,Płatność Allegro,PL55760894971628496411572560,Santander,1378477126,-109.7,PLN,Wspólne,-6907802.83,PLN,0
350,2021-02-12,2021-02-12,Booking.com,Płatność Booking.com,PL66085376574895419899773098,PKO BP,4646319385,-365.72,EUR,Moje,-6908168.55,EUR,0
351,2021-02-13,2021-02-13,PokerStars,Płatność PokerStars,PL11588085672899955517029645,Santander,9967680809,-524.57,EUR,Moje,-6908693.12,EUR,1
352,2021-02-15,2021-02-16,Biedronka,Płatność Biedronka,PL73021543898404667318857036,mBank,8593733652,-327.49,PLN,Konto w EUR,-6909020.61,PLN,0
353,2021-02-15,2021-02-16,Orlen,Płatność Orlen,PL76873352589023454263744095,PKO BP,6606765335,-181.36,PLN,Konto w EUR,-6909201.97,PLN,0
354,2021-02-16,2021-02-18,PKO BP,Płatność PKO BP,PL38435803079412746091139121,Millennium,3538378062,7939.31,PLN,Wspólne,-6901262.66,PLN,0
355,2021-02-16,2021-02-17,Santander Leasing,Płatność Santander Leasing,PL33629326222556214383057491,ING,7085865776,-2926.51,PLN,Moje,-6904189.17,PLN,0
356,2021-02-20,2021-02-20,Biuro Notarialne,Płatność Biuro Notarialne,PL13544802027803700293974163,Santander,5173415285,-11669.44,PLN,Konto w USD,-6915858.61,PLN,1
357,2021-02-27,2021-02-28,Firma XYZ,Płatność Firma XYZ,PL19110220027270168664173707,Millennium,3733524381,7535.03,PLN,Wspólne,-6908323.58,PLN,0
358,2021-02-28,2021-03-01,Vattenfall,Płatność Vattenfall,PL72592996206955364282016775,Millennium,5902255727,-170.1,PLN,Wspólne,-6908493.68,PLN,0
359,2021-03-01,2021-03-01,ATM ING,Płatność ATM ING,PL87250773275095981153613877,mBank,2727042601,-1093.12,PLN,Konto w USD,-6909586.8,PLN,0
360,2021-03-03,2021-03-05,Biuro Notarialne,Płatność Biuro Notarialne,PL32594050919407106096841775,ING,3272373307,-10273.92,PLN,Konto w EUR,-6919860.72,PLN,1
361,2021-03-05,2021-03-05,Lidl,Płatność Lidl,PL23362059711720522574311063,ING,5342737763,-148.75,PLN,Wspólne,-6920009.47,PLN,0
362,2021-03-06,2021-03-06,ATM ING,Płatność ATM ING,PL30040127567465149232623575,PKO BP,2957925565,-1060.66,PLN,Wspólne,-6921070.13,PLN,0
363,2021-03-08,2021-03-10,STS.pl,Płatność STS.pl,PL96478894551265892251245619,mBank,7939312508,-376.96,PLN,Wspólne,-6921447.09,PLN,1
364,2021-03-15,2021-03-15,Vattenfall,Płatność Vattenfall,PL55686407041495291199130303,mBank,5486934774,-270.76,PLN,Moje,-6921717.85,PLN,0
365,2021-03-16,2021-03-16,ATM ING,Płatność ATM ING,PL71809367312501640431279523,ING,8756769446,-1387.59,PLN,Moje,-6923105.44,PLN,0
366,2021-03-16,2021-03-17,PGNiG,Płatność PGNiG,PL50565334358030380514004129,ING,7344122367,-164.19,PLN,Konto w USD,-6923269.63,PLN,0
367,2021-03-20,2021-03-21,Firma XYZ,Płatność Firma XYZ,PL62777314760033374946165477,ING,5395013320,7538.89,PLN,Moje,-6915730.74,PLN,0
368,2021-03-23,2021-03-24,MediaMarkt,Płatność MediaMarkt,PL61139622764342356882541006,Santander,8249091771,-2958.08,PLN,Wspólne,-6918688.82,PLN,0
369,2021-03-26,2021-03-28,Biedronka,Płatność Biedronka,PL76758256831799950060527338,PKO BP,7695269902,-92.2,PLN,Konto w USD,-6918781.02,PLN,0
370,2021-03-28,2021-03-28,Firma XYZ,Płatność Firma XYZ,PL21461593666255192330330056,PKO BP,5118794591,7021.39,PLN,Konto w USD,-6911759.63,PLN,0
371,2021-03-29,2021-03-31,ATM ING,Płatność ATM ING,PL23645847674793685416234224,ING,4728616386,-1350.56,PLN,Konto w USD,-6913110.19,PLN,0
372,2021-03-30,2021-03-31,Zabka,Płatność Zabka,PL99351098468308952279114392,Millennium,1066244679,-185.98,PLN,Moje,-6913296.17,PLN,0
373,2021-03-30,2021-03-31,Allegro,Płatność Allegro,PL59928008520621594413246946,PKO BP,3405694898,-118.9,PLN,Konto w EUR,-6913415.07,PLN,0
374,2021-03-30,2021-04-01,PGNiG,Płatność PGNiG,PL28884038041332990541799081,mBank,2553434997,-125.87,PLN,Konto w EUR,-6913540.94,PLN,0
375,2021-04-04,2021-04-04,Orlen,Płatność Orlen,PL65460810996745223669235911,ING,7050919099,-125.63,PLN,Wspólne,-6913666.57,PLN,0
376,2021-04-05,2021-04-06,Biedronka,Płatność Biedronka,PL44207803226619138486396180,PKO BP,6986510954,-419.03,PLN,Moje,-6914085.6,PLN,0
377,2021-04-06,2021-04-06,Auto Komis Katowice,Płatność Auto Komis Katowice,PL90012379041735962214418614,Santander,8603048701,-48837.71,PLN,Konto w EUR,-6962923.31,PLN,1
378,2021-04-06,2021-04-08,Firma XYZ,Płatność Firma XYZ,PL38715763591969970426766920,PKO BP,4281104738,7533.15,PLN,Wspólne,-6955390.16,PLN,0
379,2021-04-14,2021-04-14,ATM ING,Płatność ATM ING,PL77589904073603974521739035,Millennium,7503607945,-519.11,PLN,Konto w USD,-6955909.27,PLN,0
380,2021-04-14,2021-04-16,Auto Komis Katowice,Płatność Auto Komis Katowice,PL86629889601040168638563496,Millennium,9669271663,-55912.4,PLN,Konto w USD,-7011821.67,PLN,1
381,2021-04-16,2021-04-17,Vattenfall,Płatność Vattenfall,PL84219150651345489165409081,mBank,8447756867,-198.59,PLN,Konto w EUR,-7012020.26,PLN,0
382,2021-04-19,2021-04-21,Biuro Nieruchomości ZEFIR,Płatność Biuro Nieruchomości ZEFIR,PL45753407040425998191749394,mBank,3732365301,-444988.78,PLN,Moje,-7457009.04,PLN,1
383,2021-04-26,2021-04-28,Lidl,Płatność Lidl,PL93166209936703678045045823,Santander,9441191167,-118.69,PLN,Moje,-7457127.73,PLN,0
384,2021-04-29,2021-05-01,Booking.com,Płatność Booking.com,PL91481739897390500535577208,Santander,5967087982,-720.47,EUR,Konto w USD,-7457848.2,EUR,0
385,2021-04-30,2021-05-02,PokerStars,Płatność PokerStars,PL75672834520489198158013933,mBank,2437290093,-1545.16,EUR,Konto w EUR,-7459393.36,EUR,1
386,2021-05-05,2021-05-05,Biuro Notarialne,Płatność Biuro Notarialne,PL21132394559034474203537450,mBank,7166844130,-9625.04,PLN,Moje,-7469018.4,PLN,0
387,2021-05-06,2021-05-08,Biuro Notarialne,Płatność Biuro Notarialne,PL76039133469816440073093062,PKO BP,4474387813,-9613.21,PLN,Wspólne,-7478631.61,PLN,0
388,2021-05-06,2021-05-07,Urząd Skarbowy,Płatność Urząd Skarbowy,PL19443242167868142537409490,ING,1161658918,-8418.39,PLN,Konto w EUR,-7487050.0,PLN,0
389,2021-05-10,2021-05-12,Biuro Nieruchomości ZEFIR,Płatność Biuro Nieruchomości ZEFIR,PL36701111507930052687380929,mBank,1620981459,-445080.0,PLN,Konto w EUR,-7932130.0,PLN,1
390,2021-05-11,2021-05-12,Auto Komis Katowice,Płatność Auto Komis Katowice,PL35902818419618483788478793,Santander,6933799683,-56878.2,PLN,Moje,-7989008.2,PLN,1
391,2021-05-15,2021-05-16,Biuro Nieruchomości ZEFIR,Płatność Biuro Nieruchomości ZEFIR,PL77451317601720799941343817,ING,5101339939,-475685.9,PLN,Moje,-8464694.1,PLN,1
392,2021-05-19,2021-05-19,Vattenfall,Płatność Vattenfall,PL10774957929709238685112275,ING,6236310581,-151.22,PLN,Wspólne,-8464845.32,PLN,0
393,2021-05-20,2021-05-21,Urząd Skarbowy,Płatność Urząd Skarbowy,PL71934932143420127178155280,Santander,6780684787,-8767.36,PLN,Konto w EUR,-8473612.68,PLN,0
394,2021-05-20,2021-05-21,Vattenfall,Płatność Vattenfall,PL47919391737389207880575723,Millennium,2687711425,-212.52,PLN,Konto w USD,-8473825.2,PLN,0
395,2021-05-21,2021-05-23,Lidl,Płatność Lidl,PL86717096558699695052223989,PKO BP,9796427252,-182.7,PLN,Konto w EUR,-8474007.9,PLN,0
396,2021-05-24,2021-05-26,Allegro,Płatność Allegro,PL98727116512306911213094925,ING,3967280998,-136.67,PLN,Konto w EUR,-8474144.57,PLN,0
397,2021-05-25,2021-05-25,Santander Leasing,Płatność Santander Leasing,PL87574199899987588198430275,mBank,4169097508,-2333.34,PLN,Wspólne,-8476477.91,PLN,0
398,2021-05-29,2021-05-29,Booking.com,Płatność Booking.com,PL43657738430397505285089398,Millennium,9674159685,-885.5,EUR,Konto w USD,-8477363.41,EUR,0
399,2021-06-01,2021-06-01,Orlen,Płatność Orlen,PL31472038676220377740161675,ING,4926398275,-168.04,PLN,Konto w USD,-8477531.45,PLN,0
400,2021-06-04,2021-06-05,STS.pl,Płatność STS.pl,PL83919339019190788376197311,Millennium,6441701821,-891.89,PLN,Konto w USD,-8478423.34,PLN,1
401,2021-06-05,2021-06-05,Zabka,Płatność Zabka,PL84353417351105793282960453,mBank,9942921105,-100.25,PLN,Moje,-8478523.59,PLN,0
402,2021-06-05,2021-06-06,Biuro Notarialne,Płatność Biuro Notarialne,PL67973403172026977727150516,mBank,1294298383,-10019.49,PLN,Konto w EUR,-8488543.08,PLN,1
403,2021-06-07,2021-06-08,PGNiG,Płatność PGNiG,PL41878285856807221126187699,ING,3325714757,-127.68,PLN,Wspólne,-8488670.76,PLN,0
404,2021-06-10,2021-06-10,MediaMarkt,Płatność MediaMarkt,PL98259639841803737086207422,Santander,6463685033,-2670.94,PLN,Konto w USD,-8491341.7,PLN,0
405,2021-06-10,2021-06-12,Santander Leasing,Płatność Santander Leasing,PL84494391160323999939700246,ING,6848219656,-2220.61,PLN,Konto w EUR,-8493562.31,PLN,0
406,2021-06-13,2021-06-15,Biuro Notarialne,Płatność Biuro Notarialne,PL42534129761426220172831657,mBank,8584203800,-9053.3,PLN,Konto w USD,-8502615.61,PLN,0
407,2021-06-24,2021-06-24,Lidl,Płatność Lidl,PL10413607839810731167951407,Millennium,4855140353,-92.22,PLN,Konto w USD,-8502707.83,PLN,0
408,2021-06-29,2021-06-29,Firma XYZ,Płatność Firma XYZ,PL56184158352153634738119132,ING,2485088963,7919.91,PLN,Konto w EUR,-8494787.92,PLN,0
409,2021-06-29,2021-06-29,Biuro Nieruchomości ZEFIR,Płatność Biuro Nieruchomości ZEFIR,PL17884636370530161991306630,ING,1471543773,-442762.57,PLN,Konto w EUR,-8937550.49,PLN,1
410,2021-06-30,2021-07-02,Vattenfall,Płatność Vattenfall,PL30656875851659078178437289,PKO BP,6863843327,-219.35,PLN,Konto w EUR,-8937769.84,PLN,0
411,2021-07-01,2021-07-02,Firma XYZ,Płatność Firma XYZ,PL51836723817100097714845323,Santander,2327233412,6881.84,PLN,Konto w USD,-8930888.0,PLN,0
412,2021-07-03,2021-07-03,Auto Komis Katowice,Płatność Auto Komis Katowice,PL82356511979687987253430729,PKO BP,2348936785,-49931.99,PLN,Wspólne,-8980819.99,PLN,1
413,2021-07-05,2021-07-05,ATM ING,Płatność ATM ING,PL64085307100203143294363491,Millennium,8888460613,-897.33,PLN,Konto w USD,-8981717.32,PLN,0
414,2021-07-11,2021-07-12,Biuro Notarialne,Płatność Biuro Notarialne,PL16856846663566679345599549,PKO BP,3749960383,-9205.65,PLN,Wspólne,-8990922.97,PLN,0
415,2021-07-12,2021-07-14,Santander Leasing,Płatność Santander Leasing,PL78711802954840392458662664,ING,2290994227,-2001.17,PLN,Konto w USD,-8992924.14,PLN,0
416,2021-07-12,2021-07-13,PKO BP,Płatność PKO BP,PL49379705191368090223415775,Santander,2249174896,2890.42,PLN,Konto w EUR,-8990033.72,PLN,0
417,2021-07-13,2021-07-13,PokerStars,Płatność PokerStars,PL90187794344199808201540610,PKO BP,6512165903,-1186.62,EUR,Konto w USD,-8991220.34,EUR,1
418,2021-07-14,2021-07-15,Biedronka,Płatność Biedronka,PL25593851585189935138470385,ING,5629257824,-105.2,PLN,Konto w EUR,-8991325.54,PLN,0
419,2021-07-18,2021-07-20,Biuro Notarialne,Płatność Biuro Notarialne,PL16083493554118587330312895,ING,6940874431,-10711.22,PLN,Konto w EUR,-9002036.76,PLN,1
420,2021-07-22,2021-07-23,Biuro Nieruchomości ZEFIR,Płatność Biuro Nieruchomości ZEFIR,PL58560672158887122280689180,ING,4022091968,-356688.71,PLN,Moje,-9358725.47,PLN,1
421,2021-07-22,2021-07-24,Urząd Skarbowy,Płatność Urząd Skarbowy,PL75644944747142953438310521,Santander,6368651875,-7469.81,PLN,Wspólne,-9366195.28,PLN,0
422,2021-08-01,2021-08-03,Santander Leasing,Płatność Santander Leasing,PL65095421709710047599040768,Millennium,7847665443,-2384.17,PLN,Moje,-9368579.45,PLN,0
423,2021-08-03,2021-08-03,Lidl,Płatność Lidl,PL92629167262608509796766061,Millennium,6215802895,-86.94,PLN,Moje,-9368666.39,PLN,0
424,2021-08-05,2021-08-07,Allegro,Płatność Allegro,PL26475521686611916860720726,PKO BP,3628914109,-92.23,PLN,Moje,-9368758.62,PLN,0
425,2021-08-08,2021-08-08,Vattenfall,Płatność Vattenfall,PL35527643183282297949786573,Santander,8023357726,-178.43,PLN,Wspólne,-9368937.05,PLN,0
426,2021-08-08,2021-08-10,Santander Leasing,Płatność Santander Leasing,PL44819537735418320580023252,mBank,7733547599,-2286.23,PLN,Konto w USD,-9371223.28,PLN,0
427,2021-08-13,2021-08-15,Booking.com,Płatność Booking.com,PL11702775919531031972841562,ING,9221310342,-953.16,EUR,Wspólne,-9372176.44,EUR,0
428,2021-08-14,2021-08-15,Urząd Skarbowy,Płatność Urząd Skarbowy,PL66443492203421360373638480,Millennium,4495069054,-8645.08,PLN,Konto w USD,-9380821.52,PLN,0
429,2021-08-19,2021-08-20,Zabka,Płatność Zabka,PL63031066027295056306395051,PKO BP,8169968813,-112.46,PLN,Wspólne,-9380933.98,PLN,0
430,2021-08-20,2021-08-22,Lidl,Płatność Lidl,PL20570386491767855855794169,PKO BP,7541621582,-177.17,PLN,Konto w USD,-9381111.15,PLN,0
431,2021-08-26,2021-08-27,Biuro Nieruchomości ZEFIR,Płatność Biuro Nieruchomości ZEFIR,PL40348730129224447578623191,PKO BP,5619490046,-370737.25,PLN,Wspólne,-9751848.4,PLN,1
432,2021-08-27,2021-08-29,PokerStars,Płatność PokerStars,PL22783028759704106188884984,ING,7810017952,-1746.8,EUR,Wspólne,-9753595.2,EUR,1
433,2021-08-27,2021-08-27,PokerStars,Płatność PokerStars,PL71017204910243587368305549,mBank,7996997784,-1639.02,EUR,Konto w USD,-9755234.22,EUR,1
434,2021-08-29,2021-08-29,Urząd Skarbowy,Płatność Urząd Skarbowy,PL53353285515704997245363978,mBank,4970844722,-8200.4,PLN,Moje,-9763434.62,PLN,0
435,2021-09-02,2021-09-02,MediaMarkt,Płatność MediaMarkt,PL92373062900171566772931264,mBank,1366481265,-1646.33,PLN,Konto w USD,-9765080.95,PLN,0
436,2021-09-03,2021-09-05,Orlen,Płatność Orlen,PL18965563005104267925095637,PKO BP,3318745459,-137.52,PLN,Wspólne,-9765218.47,PLN,0
437,2021-09-04,2021-09-05,Orlen,Płatność Orlen,PL89381512748205052371871211,mBank,4351461655,-267.5,PLN,Konto w EUR,-9765485.97,PLN,0
438,2021-09-04,2021-09-06,Lidl,Płatność Lidl,PL14317500402640698580649604,ING,3242950269,-192.69,PLN,Wspólne,-9765678.66,PLN,0
439,2021-09-05,2021-09-06,Amazon,Płatność Amazon,PL38562995916941085614684025,Santander,2671461179,-275.82,USD,Wspólne,-9765954.48,USD,0
440,2021-09-10,2021-09-11,Zabka,Płatność Zabka,PL71106680318057037256856724,mBank,3074059483,-111.47,PLN,Moje,-9766065.95,PLN,0
441,2021-09-14,2021-09-15,Santander Leasing,Płatność Santander Leasing,PL26775218839598052244778467,Millennium,7292264982,-2593.68,PLN,Wspólne,-9768659.63,PLN,0
442,2021-09-15,2021-09-17,Biuro Notarialne,Płatność Biuro Notarialne,PL74378447582483167541489384,PKO BP,5116559225,-9492.71,PLN,Konto w USD,-9778152.34,PLN,0
443,2021-09-17,2021-09-18,ATM ING,Płatność ATM ING,PL96797269257727339938323764,ING,8115775918,-254.34,PLN,Moje,-9778406.68,PLN,0
444,2021-09-19,2021-09-20,MediaMarkt,Płatność MediaMarkt,PL16919470037777674601333507,PKO BP,3883152601,-2084.9,PLN,Konto w USD,-9780491.58,PLN,0
445,2021-09-21,2021-09-22,PGNiG,Płatność PGNiG,PL49722801803082943518508042,Millennium,7139225080,-172.35,PLN,Konto w EUR,-9780663.93,PLN,0
446,2021-09-22,2021-09-23,PKO BP,Płatność PKO BP,PL15726245697634185264765503,mBank,3928011361,6093.81,PLN,Konto w USD,-9774570.12,PLN,0
447,2021-09-25,2021-09-27,Vattenfall,Płatność Vattenfall,PL56170175507585419028304195,PKO BP,1227978156,-269.41,PLN,Moje,-9774839.53,PLN,0
448,2021-09-27,2021-09-28,Urząd Skarbowy,Płatność Urząd Skarbowy,PL71449170133861692886429393,Millennium,6975415540,-7351.92,PLN,Moje,-9782191.45,PLN,0
449,2021-09-30,2021-09-30,Orlen,Płatność Orlen,PL61392130202778575041229372,PKO BP,9877631689,-155.45,PLN,Wspólne,-9782346.9,PLN,0
450,2021-10-01,2021-10-01,Firma XYZ,Płatność Firma XYZ,PL62756080871391944569056094,PKO BP,1014805934,7592.94,PLN,Wspólne,-9774753.96,PLN,0
451,2021-10-01,2021-10-02,PKO BP,Płatność PKO BP,PL66765491410906285675265919,mBank,3209327125,4522.71,PLN,Wspólne,-9770231.25,PLN,0
452,2021-10-03,2021-10-05,Biuro Notarialne,Płatność Biuro Notarialne,PL66954100849599083852060310,Millennium,2280082896,-8927.62,PLN,Moje,-9779158.87,PLN,0
453,2021-10-04,2021-10-05,Zabka,Płatność Zabka,PL58202033648902641350032625,mBank,9238933863,-93.49,PLN,Konto w USD,-9779252.36,PLN,0
454,2021-10-04,2021-10-05,Biuro Nieruchomości ZEFIR,Płatność Biuro Nieruchomości ZEFIR,PL63411103196385573971780071,ING,5644953292,-393534.43,PLN,Moje,-10172786.79,PLN,1
455,2021-10-08,2021-10-08,Booking.com,Płatność Booking.com,PL39307970134411899499399002,ING,7748926030,-193.01,EUR,Konto w EUR,-10172979.8,EUR,0
456,2021-10-08,2021-10-08,MediaMarkt,Płatność MediaMarkt,PL84615451051179037861437302,Millennium,3483301247,-2927.27,PLN,Wspólne,-10175907.07,PLN,0
457,2021-10-12,2021-10-13,PokerStars,Płatność PokerStars,PL80221508488057515547898086,ING,3117179317,-1635.25,EUR,Konto w USD,-10177542.32,EUR,1
458,2021-10-12,2021-10-12,Zabka,Płatność Zabka,PL87420309925852350218247459,Santander,4897917668,-54.6,PLN,Konto w EUR,-10177596.92,PLN,0
459,2021-10-13,2021-10-13,Booking.com,Płatność Booking.com,PL61058761457143654306669524,ING,9431778238,-173.09,EUR,Konto w EUR,-10177770.01,EUR,0
460,2021-10-15,2021-10-17,Auto Komis Katowice,Płatność Auto Komis Katowice,PL59635237022781887616573165,PKO BP,6321755673,-57137.27,PLN,Konto w USD,-10234907.28,PLN,1
461,2021-10-15,2021-10-16,Auto Komis Katowice,Płatność Auto Komis Katowice,PL80182769485335494765888531,Santander,7259936730,-48883.01,PLN,Konto w USD,-10283790.29,PLN,1
462,2021-10-15,2021-10-16,Biedronka,Płatność Biedronka,PL57995554527916627587103235,mBank,8370067220,-54.23,PLN,Wspólne,-10283844.52,PLN,0
463,2021-10-16,2021-10-16,Booking.com,Płatność Booking.com,PL46570960852428109607105965,ING,1977734756,-657.1,EUR,Wspólne,-10284501.62,EUR,0
464,2021-10-20,2021-10-21,Vattenfall,Płatność Vattenfall,PL79818080452979612163102802,mBank,9519638395,-237.02,PLN,Konto w EUR,-10284738.64,PLN,0
465,2021-10-26,2021-10-28,PokerStars,Płatność PokerStars,PL94001220764120034456182569,mBank,4688454584,-320.99,EUR,Konto w EUR,-10285059.63,EUR,1
466,2021-10-27,2021-10-29,Orlen,Płatność Orlen,PL28115345433149450269458713,Millennium,6774319184,-245.07,PLN,Moje,-10285304.7,PLN,0
467,2021-10-27,2021-10-27,PokerStars,Płatność PokerStars,PL17963726592782193236757971,Santander,9116506114,-1705.74,EUR,Konto w USD,-10287010.44,EUR,1
468,2021-11-09,2021-11-09,Santander Leasing,Płatność Santander Leasing,PL17926678592009977465764667,Santander,7769428270,-2798.35,PLN,Konto w USD,-10289808.79,PLN,0
469,2021-11-09,2021-11-10,PGNiG,Płatność PGNiG,PL74733062525572667733509840,mBank,2981417504,-190.49,PLN,Konto w USD,-10289999.28,PLN,0
470,2021-11-11,2021-11-13,ATM ING,Płatność ATM ING,PL42509593161487081692802605,mBank,7472128835,-416.35,PLN,Konto w EUR,-10290415.63,PLN,0
471,2021-11-12,2021-11-13,Zabka,Płatność Zabka,PL91769756466427777587779016,mBank,8480299706,-156.48,PLN,Moje,-10290572.11,PLN,0
472,2021-11-13,2021-11-14,Santander Leasing,Płatność Santander Leasing,PL20472869767860759608897264,PKO BP,3230818754,-2254.75,PLN,Konto w USD,-10292826.86,PLN,0
473,2021-11-13,2021-11-14,Auto Komis Katowice,Płatność Auto Komis Katowice,PL78196153392256026761181742,Santander,6903798616,-52145.37,PLN,Moje,-10344972.23,PLN,1
474,2021-11-13,2021-11-15,Allegro,Płatność Allegro,PL72866924857781739948402175,PKO BP,2615975075,-183.77,PLN,Konto w USD,-10345156.0,PLN,0
475,2021-11-16,2021-11-16,Orlen,Płatność Orlen,PL78711759067204570474130274,ING,1366785845,-217.85,PLN,Konto w USD,-10345373.85,PLN,0
476,2021-11-17,2021-11-19,Amazon,Płatność Amazon,PL95711655038738917411665523,Millennium,2801493906,-790.98,USD,Wspólne,-10346164.83,USD,0
477,2021-11-19,2021-11-21,Biedronka,Płatność Biedronka,PL54476025396590094436123541,PKO BP,1704217668,-233.09,PLN,Wspólne,-10346397.92,PLN,0
478,2021-11-21,2021-11-23,Amazon,Płatność Amazon,PL45557555186499726218496703,mBank,6497227390,-65.21,USD,Moje,-10346463.13,USD,0
479,2021-11-21,2021-11-21,Firma XYZ,Płatność Firma XYZ,PL30196190012346678418512990,PKO BP,6759652176,7721.59,PLN,Konto w USD,-10338741.54,PLN,0
480,2021-11-21,2021-11-23,PokerStars,Płatność PokerStars,PL23980055099561337202279630,PKO BP,7467569255,-1579.2,EUR,Wspólne,-10340320.74,EUR,1
481,2021-11-23,2021-11-24,Lidl,Płatność Lidl,PL92177943687305475172372177,Millennium,6739501177,-165.85,PLN,Konto w USD,-10340486.59,PLN,0
482,2021-11-27,2021-11-27,PokerStars,Płatność PokerStars,PL99542893106709278080599994,Millennium,4364259725,-566.28,EUR,Konto w EUR,-10341052.87,EUR,1
483,2021-12-01,2021-12-01,STS.pl,Płatność STS.pl,PL48311347766852906295718968,Santander,9561406929,-788.01,PLN,Wspólne,-10341840.88,PLN,1
484,2021-12-03,2021-12-05,Urząd Skarbowy,Płatność Urząd Skarbowy,PL96211826507546620588270539,Santander,2704618467,-5998.13,PLN,Wspólne,-10347839.01,PLN,0
485,2021-12-05,2021-12-06,Biedronka,Płatność Biedronka,PL30126024069001916988801141,PKO BP,1525460422,-152.91,PLN,Moje,-10347991.92,PLN,0
486,2021-12-10,2021-12-12,Lidl,Płatność Lidl,PL72095661595396075601435358,Santander,4962122987,-84.1,PLN,Wspólne,-10348076.02,PLN,0
487,2021-12-10,2021-12-12,Auto Komis Katowice,Płatność Auto Komis Katowice,PL86916771155987200847594986,PKO BP,4005050402,-57166.65,PLN,Konto w EUR,-10405242.67,PLN,1
488,2021-12-15,2021-12-15,STS.pl,Płatność STS.pl,PL99174570875447588067215147,ING,6979890869,-1630.57,PLN,Konto w EUR,-10406873.24,PLN,1
489,2021-12-16,2021-12-18,PKO BP,Płatność PKO BP,PL96146378607526980763568634,Millennium,5323439657,4557.55,PLN,Moje,-10402315.69,PLN,0
490,2021-12-18,2021-12-18,Zabka,Płatność Zabka,PL37667552775495024662740829,Millennium,7389486339,-78.35,PLN,Konto w EUR,-10402394.04,PLN,0
491,2021-12-22,2021-12-22,Booking.com,Płatność Booking.com,PL10561163829339253558810564,ING,7395628831,-192.56,EUR,Konto w EUR,-10402586.6,EUR,0
492,2021-12-22,2021-12-24,Urząd Skarbowy,Płatność Urząd Skarbowy,PL52620231853109214155854823,Millennium,1292705400,-9682.69,PLN,Konto w EUR,-10412269.29,PLN,0
493,2021-12-25,2021-12-25,Firma XYZ,Płatność Firma XYZ,PL59446100266016087249499106,ING,4349726361,7122.58,PLN,Konto w EUR,-10405146.71,PLN,0
494,2021-12-26,2021-12-27,STS.pl,Płatność STS.pl,PL79218872021813088916881960,mBank,2184444340,-870.93,PLN,Moje,-10406017.64,PLN,1
495,2021-12-30,2022-01-01,Amazon,Płatność Amazon,PL84474690382639742290444529,Millennium,6762361623,-697.48,USD,Wspólne,-10406715.12,USD,0
496,2022-01-01,2022-01-02,Allegro,Płatność Allegro,PL88561000531845770418344949,Santander,3385384970,-33.62,PLN,Konto w USD,-10406748.74,PLN,0
497,2022-01-02,2022-01-04,Auto Komis Katowice,Płatność Auto Komis Katowice,PL17578409943652077243588938,ING,9007659939,-55608.27,PLN,Konto w EUR,-10462357.01,PLN,1
498,2022-01-05,2022-01-07,Orlen,Płatność Orlen,PL30825585075740840385425381,Santander,3084891225,-295.56,PLN,Konto w EUR,-10462652.57,PLN,0
499,2022-01-07,2022-01-08,Auto Komis Katowice,Płatność Auto Komis Katowice,PL11078146895231067690590246,ING,2567588279,-50133.61,PLN,Moje,-10512786.18,PLN,1
500,2022-01-08,2022-01-10,Biuro Nieruchomości ZEFIR,Płatność Biuro Nieruchomości ZEFIR,PL21391202970603154112934005,Millennium,1561334253,-436457.09,PLN,Moje,-10949243.27,PLN,1
501,2022-01-11,2022-01-11,Auto Komis Katowice,Płatność Auto Komis Katowice,PL64598059217780779843874769,PKO BP,2023383044,-47321.06,PLN,Wspólne,-10996564.33,PLN,1
502,2022-01-14,2022-01-14,Biuro Nieruchomości ZEFIR,Płatność Biuro Nieruchomości ZEFIR,PL51571966714922698362179788,Millennium,4906234933,-439992.66,PLN,Konto w EUR,-11436556.99,PLN,1
503,2022-01-15,2022-01-15,Auto Komis Katowice,Płatność Auto Komis Katowice,PL67557104896799081604755464,mBank,4481303307,-59470.0,PLN,Moje,-11496026.99,PLN,1
504,2022-01-16,2022-01-16,Santander Leasing,Płatność Santander Leasing,PL53702736323627828754110896,Millennium,8677503432,-2810.78,PLN,Konto w EUR,-11498837.77,PLN,0
505,2022-01-19,2022-01-20,Orlen,Płatność Orlen,PL57935062834546155698646243,PKO BP,8776908812,-160.54,PLN,Wspólne,-11498998.31,PLN,0
506,2022-01-20,2022-01-20,Biuro Nieruchomości ZEFIR,Płatność Biuro Nieruchomości ZEFIR,PL63514136088393373891607990,Millennium,9932365625,-432409.08,PLN,Wspólne,-11931407.39,PLN,1
507,2022-01-21,2022-01-22,Booking.com,Płatność Booking.com,PL77195892762569854086253367,Santander,3061654994,-218.93,EUR,Konto w EUR,-11931626.32,EUR,0
508,2022-01-24,2022-01-26,PGNiG,Płatność PGNiG,PL86660582765020979897988337,PKO BP,9018745195,-135.3,PLN,Konto w EUR,-11931761.62,PLN,0
509,2022-01-29,2022-01-30,Lidl,Płatność Lidl,PL57565554042349621224954678,PKO BP,3781375492,-93.24,PLN,Wspólne,-11931854.86,PLN,0
510,2022-01-31,2022-01-31,Biuro Notarialne,Płatność Biuro Notarialne,PL12903400330092702778546863,mBank,5833388936,-11663.16,PLN,Konto w USD,-11943518.02,PLN,1
511,2022-02-03,2022-02-05,Biuro Nieruchomości ZEFIR,Płatność Biuro Nieruchomości ZEFIR,PL17712264955834633012085584,Millennium,2233001237,-522828.8,PLN,Moje,-12466346.82,PLN,1
512,2022-02-05,2022-02-06,Santander Leasing,Płatność Santander Leasing,PL83948684660251728489299945,Santander,5842338556,-2638.8,PLN,Wspólne,-12468985.62,PLN,0
513,2022-02-06,2022-02-08,Firma XYZ,Płatność Firma XYZ,PL29480649738970199114281967,mBank,1141961397,7072.91,PLN,Konto w USD,-12461912.71,PLN,0
514,2022-02-11,2022-02-13,Biuro Notarialne,Płatność Biuro Notarialne,PL23080175975835138607958055,mBank,2426306018,-8923.72,PLN,Konto w USD,-12470836.43,PLN,0
515,2022-02-11,2022-02-12,Amazon,Płatność Amazon,PL58084544786075017311541274,ING,6405751774,-109.27,USD,Konto w EUR,-12470945.7,USD,0
516,2022-02-12,2022-02-14,Santander Leasing,Płatność Santander Leasing,PL20178242548057449352615269,Millennium,2142011302,-2485.89,PLN,Wspólne,-12473431.59,PLN,0
517,2022-02-14,2022-02-14,Allegro,Płatność Allegro,PL79382692054099655735739978,mBank,1702587538,-294.3,PLN,Wspólne,-12473725.89,PLN,0
518,2022-02-14,2022-02-16,PokerStars,Płatność PokerStars,PL64610441817348370922568097,PKO BP,1725036551,-1271.27,EUR,Konto w USD,-12474997.16,EUR,1
519,2022-02-15,2022-02-16,STS.pl,Płatność STS.pl,PL60205772903861873278759045,ING,9773355732,-1509.33,PLN,Wspólne,-12476506.49,PLN,1
520,2022-02-16,2022-02-17,ATM ING,Płatność ATM ING,PL15870244180010015401310429,ING,7151784552,-986.65,PLN,Konto w USD,-12477493.14,PLN,0
521,2022-02-27,2022-02-27,Santander Leasing,Płatność Santander Leasing,PL58243172930114659605337837,mBank,5920524913,-1881.06,PLN,Konto w USD,-12479374.2,PLN,0
522,2022-03-01,2022-03-02,Amazon,Płatność Amazon,PL59223408559840784432919678,mBank,9815409597,-677.58,USD,Konto w EUR,-12480051.78,USD,0
523,2022-03-01,2022-03-01,STS.pl,Płatność STS.pl,PL32222305567407640573784730,ING,8450511390,-1318.47,PLN,Konto w USD,-12481370.25,PLN,1
524,2022-03-03,2022-03-04,Urząd Skarbowy,Płatność Urząd Skarbowy,PL98343171921716903160317213,PKO BP,3671352868,-8868.55,PLN,Konto w EUR,-12490238.8,PLN,0
525,2022-03-04,2022-03-05,Amazon,Płatność Amazon,PL12974880360410637541997941,mBank,2489321225,-555.03,USD,Konto w USD,-12490793.83,USD,0
526,2022-03-05,2022-03-06,Auto Komis Katowice,Płatność Auto Komis Katowice,PL40658829116039640527767271,PKO BP,1950540970,-55408.7,PLN,Moje,-12546202.53,PLN,1
527,2022-03-06,2022-03-07,Lidl,Płatność Lidl,PL37975650463731271064094847,PKO BP,7112170507,-107.89,PLN,Moje,-12546310.42,PLN,0
528,2022-03-08,2022-03-10,STS.pl,Płatność STS.pl,PL67921384376780458669588389,PKO BP,2969827797,-389.8,PLN,Moje,-12546700.22,PLN,1
529,2022-03-10,2022-03-11,Amazon,Płatność Amazon,PL17458247364220836843579973,PKO BP,5862199360,-203.37,USD,Moje,-12546903.59,USD,0
530,2022-03-10,2022-03-11,Zabka,Płatność Zabka,PL92682223629765195788926240,Santander,9445444796,-107.75,PLN,Moje,-12547011.34,PLN,0
531,2022-03-13,2022-03-13,Vattenfall,Płatność Vattenfall,PL56291803111789282671740756,mBank,6984050212,-172.78,PLN,Moje,-12547184.12,PLN,0
532,2022-03-14,2022-03-16,Booking.com,Płatność Booking.com,PL23555661010460810941335603,PKO BP,2377575976,-614.04,EUR,Moje,-12547798.16,EUR,0
533,2022-03-16,2022-03-16,Lidl,Płatność Lidl,PL24102159279574211460025451,PKO BP,9099990631,-172.48,PLN,Moje,-12547970.64,PLN,0
534,2022-03-19,2022-03-20,Urząd Skarbowy,Płatność Urząd Skarbowy,PL82798025582981299157855849,ING,8543897337,-8292.98,PLN,Konto w EUR,-12556263.62,PLN,0
535,2022-03-24,2022-03-26,Lidl,Płatność Lidl,PL70710428651429539028017337,Santander,4425416154,-193.93,PLN,Wspólne,-12556457.55,PLN,0
536,2022-03-26,2022-03-28,MediaMarkt,Płatność MediaMarkt,PL52966912256260449185000530,Santander,2056696685,-2447.71,PLN,Konto w USD,-12558905.26,PLN,0
537,2022-03-30,2022-04-01,PKO BP,Płatność PKO BP,PL46743062929103222868251189,mBank,1564458789,7577.32,PLN,Moje,-12551327.94,PLN,0
538,2022-03-30,2022-03-31,Orlen,Płatność Orlen,PL16427312571456943436755974,mBank,1660749530,-187.16,PLN,Konto w EUR,-12551515.1,PLN,0
539,2022-04-01,2022-04-03,Biuro Notarialne,Płatność Biuro Notarialne,PL78921160471044603003724337,Santander,4767822173,-10249.51,PLN,Konto w EUR,-12561764.61,PLN,1
540,2022-04-03,2022-04-04,Allegro,Płatność Allegro,PL75372253520358291252102990,ING,3169758976,-215.18,PLN,Moje,-12561979.79,PLN,0
541,2022-04-04,2022-04-06,PKO BP,Płatność PKO BP,PL17745674381310955116464382,PKO BP,3576532483,919.25,PLN,Konto w USD,-12561060.54,PLN,0
542,2022-04-07,2022-04-07,MediaMarkt,Płatność MediaMarkt,PL93243258733159075029786569,Millennium,1889590994,-2286.67,PLN,Konto w EUR,-12563347.21,PLN,0
543,2022-04-16,2022-04-18,Firma XYZ,Płatność Firma XYZ,PL47613740131072455461084925,Millennium,3246279586,7484.67,PLN,Konto w USD,-12555862.54,PLN,0
544,2022-04-17,2022-04-18,MediaMarkt,Płatność MediaMarkt,PL64518000588098224349302093,ING,8237241107,-2209.7,PLN,Konto w USD,-12558072.24,PLN,0
545,2022-04-18,2022-04-19,Biuro Notarialne,Płatność Biuro Notarialne,PL15444549645826471793230156,Millennium,6934826422,-8182.98,PLN,Konto w USD,-12566255.22,PLN,0
546,2022-04-24,2022-04-26,Auto Komis Katowice,Płatność Auto Komis Katowice,PL84064865060897256242821013,PKO BP,3250586080,-53044.54,PLN,Moje,-12619299.76,PLN,1
547,2022-04-24,2022-04-26,Lidl,Płatność Lidl,PL34231596682079208037142281,ING,9009262915,-193.91,PLN,Konto w USD,-12619493.67,PLN,0
548,2022-04-27,2022-04-27,ATM ING,Płatność ATM ING,PL64423691183256392503271944,Santander,2214263986,-1021.96,PLN,Konto w USD,-12620515.63,PLN,0
549,2022-04-28,2022-04-29,MediaMarkt,Płatność MediaMarkt,PL92550064425132198071239661,PKO BP,2594413644,-1834.91,PLN,Konto w EUR,-12622350.54,PLN,0
550,2022-04-28,2022-04-28,Urząd Skarbowy,Płatność Urząd Skarbowy,PL41632394624216377194012417,Santander,5636119939,-9861.65,PLN,Konto w USD,-12632212.19,PLN,0
551,2022-04-29,2022-04-30,Lidl,Płatność Lidl,PL77279185310211813929558982,Santander,8401163899,-111.61,PLN,Konto w USD,-12632323.8,PLN,0
552,2022-04-30,2022-04-30,Urząd Skarbowy,Płatność Urząd Skarbowy,PL25625331044552061301419363,ING,7120270725,-4410.27,PLN,Konto w EUR,-12636734.07,PLN,0
553,2022-05-01,2022-05-02,Santander Leasing,Płatność Santander Leasing,PL72232910183029776189336426,PKO BP,9576673728,-1854.52,PLN,Wspólne,-12638588.59,PLN,0
554,2022-05-02,2022-05-02,Booking.com,Płatność Booking.com,PL12515714319904084717954551,ING,5873511049,-528.59,EUR,Konto w EUR,-12639117.18,EUR,0
555,2022-05-03,2022-05-03,Santander Leasing,Płatność Santander Leasing,PL47173236967573358158770756,Santander,8316501932,-2197.53,PLN,Konto w USD,-12641314.71,PLN,0
556,2022-05-03,2022-05-03,Amazon,Płatność Amazon,PL68574391013113707223274012,Santander,3066013953,-39.28,USD,Wspólne,-12641353.99,USD,0
557,2022-05-06,2022-05-06,Santander Leasing,Płatność Santander Leasing,PL84351696570868264268065323,PKO BP,1444513749,-1929.28,PLN,Konto w EUR,-12643283.27,PLN,0
558,2022-05-06,2022-05-08,Biedronka,Płatność Biedronka,PL59711011569685514300829373,ING,3826879632,-112.32,PLN,Konto w EUR,-12643395.59,PLN,0
559,2022-05-08,2022-05-10,PGNiG,Płatność PGNiG,PL15644698520013093026621875,Millennium,8931240755,-167.19,PLN,Konto w USD,-12643562.78,PLN,0
560,2022-05-13,2022-05-13,Orlen,Płatność Orlen,PL30906423305022987295489025,mBank,2621378232,-147.38,PLN,Konto w USD,-12643710.16,PLN,0
561,2022-05-14,2022-05-15,Allegro,Płatność Allegro,PL91418066865008976137263788,PKO BP,1255288477,-33.56,PLN,Moje,-12643743.72,PLN,0
562,2022-05-15,2022-05-17,Biuro Nieruchomości ZEFIR,Płatność Biuro Nieruchomości ZEFIR,PL34354688569654158650562930,Millennium,5023690335,-365893.58,PLN,Moje,-13009637.3,PLN,1
563,2022-05-15,2022-05-17,Lidl,Płatność Lidl,PL26457876595734789306197777,Santander,8060144520,-163.0,PLN,Konto w EUR,-13009800.3,PLN,0
564,2022-05-18,2022-05-18,Vattenfall,Płatność Vattenfall,PL89225780239087983203075907,Millennium,6130988790,-212.0,PLN,Moje,-13010012.3,PLN,0
565,2022-05-18,2022-05-20,MediaMarkt,Płatność MediaMarkt,PL32479758622297821637369970,mBank,5961558655,-2408.45,PLN,Konto w EUR,-13012420.75,PLN,0
566,2022-05-22,2022-05-23,Firma XYZ,Płatność Firma XYZ,PL48656482722050035972480930,ING,1556796479,6583.53,PLN,Konto w EUR,-13005837.22,PLN,0
567,2022-05-24,2022-05-24,Biedronka,Płatność Biedronka,PL79882934460702130693591636,ING,6087183460,-217.53,PLN,Moje,-13006054.75,PLN,0
568,2022-05-30,2022-05-30,Urząd Skarbowy,Płatność Urząd Skarbowy,PL20746821056052321756159757,Santander,7023893231,-7111.94,PLN,Moje,-13013166.69,PLN,0
569,2022-05-31,2022-06-01,Auto Komis Katowice,Płatność Auto Komis Katowice,PL43658024785358388902791750,Millennium,5840813520,-57015.57,PLN,Konto w EUR,-13070182.26,PLN,1
570,2022-06-03,2022-06-04,Vattenfall,Płatność Vattenfall,PL22827781274225337307652738,mBank,5898560811,-222.89,PLN,Konto w USD,-13070405.15,PLN,0
571,2022-06-07,2022-06-09,Biuro Notarialne,Płatność Biuro Notarialne,PL53613911091088667376264844,mBank,2301078649,-9291.84,PLN,Moje,-13079696.99,PLN,0
572,2022-06-12,2022-06-13,ATM ING,Płatność ATM ING,PL48849971022418829208292113,Millennium,2687433681,-408.09,PLN,Moje,-13080105.08,PLN,0
573,2022-06-13,2022-06-14,Amazon,Płatność Amazon,PL21885688451380016751945795,mBank,2576215541,-697.94,USD,Wspólne,-13080803.02,USD,0
574,2022-06-16,2022-06-18,Booking.com,Płatność Booking.com,PL28804570104288454796465912,Millennium,4273767810,-845.72,EUR,Konto w USD,-13081648.74,EUR,0
575,2022-06-22,2022-06-22,Zabka,Płatność Zabka,PL80284055140006214611901427,ING,4196989649,-88.98,PLN,Moje,-13081737.72,PLN,0
576,2022-06-22,2022-06-24,Biuro Nieruchomości ZEFIR,Płatność Biuro Nieruchomości ZEFIR,PL32130440792185621238108800,mBank,8414320878,-510847.49,PLN,Konto w USD,-13592585.21,PLN,1
577,2022-06-25,2022-06-27,Auto Komis Katowice,Płatność Auto Komis Katowice,PL54792701454411564286055436,ING,5161060502,-53283.17,PLN,Wspólne,-13645868.38,PLN,1
578,2022-06-25,2022-06-26,Vattenfall,Płatność Vattenfall,PL26038217552645661466022774,ING,5739791403,-161.77,PLN,Moje,-13646030.15,PLN,0
579,2022-06-29,2022-07-01,PokerStars,Płatność PokerStars,PL45816063703697147864632721,PKO BP,5792514268,-1851.1,EUR,Moje,-13647881.25,EUR,1
580,2022-06-30,2022-06-30,PGNiG,Płatność PGNiG,PL65886560259932746999042502,Santander,9595791058,-144.95,PLN,Konto w EUR,-13648026.2,PLN,0
581,2022-07-06,2022-07-08,Biedronka,Płatność Biedronka,PL80134767903589950744535826,ING,1913454225,-413.0,PLN,Moje,-13648439.2,PLN,0
582,2022-07-08,2022-07-09,Allegro,Płatność Allegro,PL64730489986723700418797353,Santander,6462194543,-58.23,PLN,Konto w USD,-13648497.43,PLN,0
583,2022-07-08,2022-07-09,ATM ING,Płatność ATM ING,PL60774450145485937080534589,Santander,7870416564,-1430.28,PLN,Moje,-13649927.71,PLN,0
584,2022-07-13,2022-07-14,Orlen,Płatność Orlen,PL43237845638207438332004563,Santander,6435386969,-245.13,PLN,Konto w USD,-13650172.84,PLN,0
585,2022-07-14,2022-07-14,Zabka,Płatność Zabka,PL45398798429258793542377608,Santander,2240947236,-128.77,PLN,Wspólne,-13650301.61,PLN,0
586,2022-07-14,2022-07-16,Firma XYZ,Płatność Firma XYZ,PL44685118046035238239572229,PKO BP,8769873983,7945.21,PLN,Konto w EUR,-13642356.4,PLN,0
587,2022-07-15,2022-07-15,Amazon,Płatność Amazon,PL96117492924801945256605312,ING,6788254149,-753.73,USD,Konto w USD,-13643110.13,USD,0
588,2022-07-17,2022-07-19,Amazon,Płatność Amazon,PL22567287789949736267933645,ING,7882945814,-92.88,USD,Konto w EUR,-13643203.01,USD,0
589,2022-07-18,2022-07-20,PGNiG,Płatność PGNiG,PL59845522068066972942800518,PKO BP,2701514905,-152.56,PLN,Konto w USD,-13643355.57,PLN,0
590,2022-07-26,2022-07-26,PGNiG,Płatność PGNiG,PL54967101204455912202894378,Millennium,7012978720,-121.71,PLN,Konto w EUR,-13643477.28,PLN,0
591,2022-07-27,2022-07-29,Auto Komis Katowice,Płatność Auto Komis Katowice,PL49045494696126605397927024,Millennium,5592764774,-50678.57,PLN,Moje,-13694155.85,PLN,1
592,2022-07-27,2022-07-28,Amazon,Płatność Amazon,PL82502341310055568797078769,ING,4236230221,-339.1,USD,Konto w USD,-13694494.95,USD,0
593,2022-07-29,2022-07-30,Lidl,Płatność Lidl,PL44341009617327254258672687,Santander,9192448846,-193.96,PLN,Wspólne,-13694688.91,PLN,0
594,2022-07-30,2022-08-01,Allegro,Płatność Allegro,PL78729064219285724422853779,Millennium,1443513021,-250.29,PLN,Moje,-13694939.2,PLN,0
595,2022-07-30,2022-08-01,Orlen,Płatność Orlen,PL75475293242637525200636889,ING,5263616145,-121.32,PLN,Konto w EUR,-13695060.52,PLN,0
596,2022-07-31,2022-07-31,Biuro Notarialne,Płatność Biuro Notarialne,PL51478649460197817655134283,mBank,2261537795,-8094.5,PLN,Konto w EUR,-13703155.02,PLN,0
597,2022-08-03,2022-08-03,PokerStars,Płatność PokerStars,PL53222057789599917633796482,PKO BP,1997987680,-1713.5,EUR,Konto w EUR,-13704868.52,EUR,1
598,2022-08-06,2022-08-06,Biuro Nieruchomości ZEFIR,Płatność Biuro Nieruchomości ZEFIR,PL97823624590190391484547795,ING,3919315148,-496082.25,PLN,Wspólne,-14200950.77,PLN,1
599,2022-08-07,2022-08-07,Amazon,Płatność Amazon,PL18572935360678662360934358,mBank,3506573122,-304.15,USD,Konto w USD,-14201254.92,USD,0
600,2022-08-08,2022-08-09,Firma XYZ,Płatność Firma XYZ,PL69717731646294204426334570,ING,7929601440,7969.92,PLN,Konto w USD,-14193285.0,PLN,0
601,2022-08-09,2022-08-11,Amazon,Płatność Amazon,PL56954856458512486262605952,Santander,5959700877,-105.42,USD,Konto w USD,-14193390.42,USD,0
602,2022-08-09,2022-08-10,ATM ING,Płatność ATM ING,PL91402637954159095278193910,Santander,8979287418,-1407.82,PLN,Wspólne,-14194798.24,PLN,0
603,2022-08-10,2022-08-12,Biuro Notarialne,Płatność Biuro Notarialne,PL80134715644262357237320747,ING,6331884176,-8613.74,PLN,Wspólne,-14203411.98,PLN,0
604,2022-08-10,2022-08-10,PKO BP,Płatność PKO BP,PL10907347940621277123541113,mBank,3753434400,8998.19,PLN,Konto w USD,-14194413.79,PLN,0
605,2022-08-12,2022-08-14,Amazon,Płatność Amazon,PL29388516905761730462147784,ING,5816527326,-664.19,USD,Wspólne,-14195077.98,USD,0
606,2022-08-13,2022-08-15,PokerStars,Płatność PokerStars,PL39088202410452791824397334,mBank,8516688272,-146.55,EUR,Konto w USD,-14195224.53,EUR,1
607,2022-08-13,2022-08-15,PGNiG,Płatność PGNiG,PL92805010106906712401378002,Millennium,2923545870,-152.05,PLN,Moje,-14195376.58,PLN,0
608,2022-08-14,2022-08-16,PGNiG,Płatność PGNiG,PL60702566654835580148272669,mBank,3087343928,-173.01,PLN,Wspólne,-14195549.59,PLN,0
609,2022-08-18,2022-08-19,Biuro Notarialne,Płatność Biuro Notarialne,PL30475566081322119852144733,Santander,5218468694,-10869.39,PLN,Konto w USD,-14206418.98,PLN,1
610,2022-08-22,2022-08-24,Firma XYZ,Płatność Firma XYZ,PL33353042393865430416229624,mBank,2383641852,7930.65,PLN,Moje,-14198488.33,PLN,0
611,2022-08-24,2022-08-24,PokerStars,Płatność PokerStars,PL70261384021129186662271873,ING,1030442658,-145.32,EUR,Moje,-14198633.65,EUR,1
612,2022-08-29,2022-08-29,PKO BP,Płatność PKO BP,PL22869021536517972049651470,mBank,2821634753,6838.61,PLN,Konto w USD,-14191795.04,PLN,0
613,2022-08-31,2022-09-02,Booking.com,Płatność Booking.com,PL96941777320400398442111771,mBank,8678462225,-853.78,EUR,Moje,-14192648.82,EUR,0
614,2022-09-02,2022-09-02,ATM ING,Płatność ATM ING,PL10186814438212458864477729,ING,4280416637,-1431.83,PLN,Konto w EUR,-14194080.65,PLN,0
615,2022-09-02,2022-09-03,Firma XYZ,Płatność Firma XYZ,PL29784861260931498240255647,PKO BP,1936523147,7748.31,PLN,Moje,-14186332.34,PLN,0
616,2022-09-04,2022-09-05,Vattenfall,Płatność Vattenfall,PL86410326966473847650078555,Santander,9554956219,-249.8,PLN,Konto w EUR,-14186582.14,PLN,0
617,2022-09-06,2022-09-07,PokerStars,Płatność PokerStars,PL31432286992100522301397714,PKO BP,5242679670,-1476.81,EUR,Wspólne,-14188058.95,EUR,1
618,2022-09-11,2022-09-12,ATM ING,Płatność ATM ING,PL22628728626939870249243656,Millennium,2234489517,-227.29,PLN,Konto w USD,-14188286.24,PLN,0
619,2022-09-11,2022-09-11,Firma XYZ,Płatność Firma XYZ,PL39336579392657923245093593,Santander,7991310734,6594.7,PLN,Wspólne,-14181691.54,PLN,0
620,2022-09-11,2022-09-13,Santander Leasing,Płatność Santander Leasing,PL20231202355616808230681609,Santander,8935453301,-2408.09,PLN,Konto w USD,-14184099.63,PLN,0
621,2022-09-12,2022-09-14,Vattenfall,Płatność Vattenfall,PL44867835451919881594396379,Millennium,3862274245,-152.24,PLN,Wspólne,-14184251.87,PLN,0
622,2022-09-14,2022-09-15,STS.pl,Płatność STS.pl,PL80286204948444898876349492,ING,6045748534,-1957.27,PLN,Wspólne,-14186209.14,PLN,1
623,2022-09-14,2022-09-15,Orlen,Płatność Orlen,PL38628762280811005696964630,Millennium,6399903508,-216.63,PLN,Konto w EUR,-14186425.77,PLN,0
624,2022-09-15,2022-09-16,MediaMarkt,Płatność MediaMarkt,PL77313968459648398397150420,Millennium,1498846659,-1917.63,PLN,Konto w EUR,-14188343.4,PLN,0
625,2022-09-16,2022-09-17,Amazon,Płatność Amazon,PL13761498780923607267931032,Millennium,5400287663,-196.11,USD,Konto w USD,-14188539.51,USD,0
626,2022-09-19,2022-09-19,Lidl,Płatność Lidl,PL84107608942286285415015155,Millennium,1223898741,-90.22,PLN,Konto w EUR,-14188629.73,PLN,0
627,2022-09-25,2022-09-25,Biuro Nieruchomości ZEFIR,Płatność Biuro Nieruchomości ZEFIR,PL46423390467657006735059169,Santander,1722838060,-369593.79,PLN,Konto w USD,-14558223.52,PLN,1
628,2022-09-26,2022-09-26,STS.pl,Płatność STS.pl,PL71165038790425621728381193,ING,1929276849,-1784.02,PLN,Wspólne,-14560007.54,PLN,1
629,2022-09-28,2022-09-29,PokerStars,Płatność PokerStars,PL97858753843272081018831360,Santander,3453500806,-1066.57,EUR,Konto w EUR,-14561074.11,EUR,1
630,2022-10-04,2022-10-06,Lidl,Płatność Lidl,PL63580629837369434089151419,ING,5922242047,-182.33,PLN,Konto w USD,-14561256.44,PLN,0
631,2022-10-05,2022-10-06,Vattenfall,Płatność Vattenfall,PL84196587434791935790826815,PKO BP,9536844518,-252.33,PLN,Konto w USD,-14561508.77,PLN,0
632,2022-10-11,2022-10-11,Zabka,Płatność Zabka,PL32966517819132471510810221,mBank,8099306121,-59.32,PLN,Konto w USD,-14561568.09,PLN,0
633,2022-10-14,2022-10-15,PKO BP,Płatność PKO BP,PL95976639161124333715287361,mBank,1688774116,1482.4,PLN,Wspólne,-14560085.69,PLN,0
634,2022-10-16,2022-10-16,Zabka,Płatność Zabka,PL65938442477189524915270456,Santander,5107022434,-163.37,PLN,Moje,-14560249.06,PLN,0
635,2022-10-17,2022-10-17,MediaMarkt,Płatność MediaMarkt,PL35707123622757341242995488,mBank,3399252367,-2549.14,PLN,Konto w USD,-14562798.2,PLN,0
636,2022-10-18,2022-10-18,Amazon,Płatność Amazon,PL36504851234540457793676831,ING,3253844196,-770.2,USD,Moje,-14563568.4,USD,0
637,2022-10-20,2022-10-20,STS.pl,Płatność STS.pl,PL76037789023466729106461796,mBank,2498667456,-1309.69,PLN,Wspólne,-14564878.09,PLN,1
638,2022-10-20,2022-10-20,Zabka,Płatność Zabka,PL13482613293810438805262040,Millennium,2266700413,-104.95,PLN,Konto w USD,-14564983.04,PLN,0
639,2022-10-22,2022-10-24,Vattenfall,Płatność Vattenfall,PL85832594039940990896870200,Millennium,8293657924,-274.44,PLN,Wspólne,-14565257.48,PLN,0
640,2022-10-28,2022-10-30,Firma XYZ,Płatność Firma XYZ,PL64698752732438047597833979,mBank,9982384692,6989.37,PLN,Moje,-14558268.11,PLN,0
641,2022-11-02,2022-11-02,Zabka,Płatność Zabka,PL15007628423059471369993001,Millennium,1553612485,-192.26,PLN,Konto w USD,-14558460.37,PLN,0
642,2022-11-04,2022-11-05,STS.pl,Płatność STS.pl,PL42465587277513662762530262,Santander,2940452505,-495.18,PLN,Wspólne,-14558955.55,PLN,1
643,2022-11-05,2022-11-07,Amazon,Płatność Amazon,PL10436454224391534954484704,PKO BP,8171158943,-274.74,USD,Wspólne,-14559230.29,USD,0
644,2022-11-11,2022-11-13,Vattenfall,Płatność Vattenfall,PL27753304664744436030764812,Santander,3603371504,-179.62,PLN,Konto w USD,-14559409.91,PLN,0
645,2022-11-13,2022-11-15,Firma XYZ,Płatność Firma XYZ,PL96369810999635228935361957,Santander,2312321856,6831.67,PLN,Wspólne,-14552578.24,PLN,0
646,2022-11-19,2022-11-19,Allegro,Płatność Allegro,PL53087764129112231643566382,mBank,5375969893,-261.69,PLN,Moje,-14552839.93,PLN,0
647,2022-11-21,2022-11-21,Santander Leasing,Płatność Santander Leasing,PL10662947653487634976443506,ING,6529316393,-2269.16,PLN,Konto w EUR,-14555109.09,PLN,0
648,2022-11-22,2022-11-22,Auto Komis Katowice,Płatność Auto Komis Katowice,PL73013754749640259597818359,mBank,9355304132,-45412.04,PLN,Wspólne,-14600521.13,PLN,1
649,2022-11-25,2022-11-27,MediaMarkt,Płatność MediaMarkt,PL24838658621649474735116638,ING,2540453562,-1505.39,PLN,Konto w EUR,-14602026.52,PLN,0
650,2022-11-29,2022-11-30,Zabka,Płatność Zabka,PL73126507083242411539688249,Millennium,8323259253,-137.76,PLN,Moje,-14602164.28,PLN,0
651,2022-12-03,2022-12-04,Allegro,Płatność Allegro,PL34727424579953736577169492,PKO BP,3990646442,-62.99,PLN,Wspólne,-14602227.27,PLN,0
652,2022-12-06,2022-12-08,Auto Komis Katowice,Płatność Auto Komis Katowice,PL78868717341950482885530291,mBank,6304334625,-59031.73,PLN,Konto w EUR,-14661259.0,PLN,1
653,2022-12-11,2022-12-11,Biedronka,Płatność Biedronka,PL57360884865648864093287907,Santander,9568710953,-479.59,PLN,Wspólne,-14661738.59,PLN,0
654,2022-12-12,2022-12-13,PokerStars,Płatność PokerStars,PL27920958131129495973005769,mBank,4334155196,-1517.69,EUR,Konto w EUR,-14663256.28,EUR,1
655,2022-12-13,2022-12-14,PokerStars,Płatność PokerStars,PL38097671697745155775168599,Santander,3311993357,-1062.43,EUR,Konto w USD,-14664318.71,EUR,1
656,2022-12-13,2022-12-14,Biedronka,Płatność Biedronka,PL52764689169135570122787842,Millennium,3523555561,-149.47,PLN,Wspólne,-14664468.18,PLN,0
657,2022-12-16,2022-12-18,Zabka,Płatność Zabka,PL11082132262552680304146655,Millennium,3022447926,-65.85,PLN,Konto w USD,-14664534.03,PLN,0
658,2022-12-18,2022-12-20,Booking.com,Płatność Booking.com,PL57892540879950466472727282,PKO BP,6240655957,-809.31,EUR,Konto w EUR,-14665343.34,EUR,0
659,2022-12-21,2022-12-21,PGNiG,Płatność PGNiG,PL60443729307914438125884211,mBank,7715313992,-172.86,PLN,Konto w USD,-14665516.2,PLN,0
660,2022-12-24,2022-12-24,PokerStars,Płatność PokerStars,PL26553537910851473110159673,PKO BP,8667609693,-945.34,EUR,Wspólne,-14666461.54,EUR,1
661,2022-12-30,2022-12-31,Zabka,Płatność Zabka,PL82378628837523944732056326,Santander,5172843657,-147.56,PLN,Konto w USD,-14666609.1,PLN,0
662,2023-01-01,2023-01-02,Vattenfall,Płatność Vattenfall,PL26105588145561428200526506,ING,9578425587,-198.77,PLN,Moje,-14666807.87,PLN,0
663,2023-01-03,2023-01-05,Auto Komis Katowice,Płatność Auto Komis Katowice,PL65188154475096062873263540,Millennium,7744989038,-53549.81,PLN,Moje,-14720357.68,PLN,1
664,2023-01-03,2023-01-03,PKO BP,Płatność PKO BP,PL27994341024014403808960526,PKO BP,6160049047,8842.85,PLN,Konto w USD,-14711514.83,PLN,0
665,2023-01-08,2023-01-09,Biedronka,Płatność Biedronka,PL52135539915422475836894487,Santander,4214067225,-53.49,PLN,Wspólne,-14711568.32,PLN,0
666,2023-01-14,2023-01-14,MediaMarkt,Płatność MediaMarkt,PL45170077498500582223101183,ING,9249265199,-2453.43,PLN,Konto w EUR,-14714021.75,PLN,0
667,2023-01-20,2023-01-22,Firma XYZ,Płatność Firma XYZ,PL99335339885220911837141836,Millennium,5838906966,7853.76,PLN,Moje,-14706167.99,PLN,0
668,2023-01-28,2023-01-29,PokerStars,Płatność PokerStars,PL90600820070798859199534242,Santander,8201054390,-1422.27,EUR,Wspólne,-14707590.26,EUR,1
669,2023-01-28,2023-01-29,MediaMarkt,Płatność MediaMarkt,PL89310104806518576310196887,ING,8589160590,-2048.24,PLN,Wspólne,-14709638.5,PLN,0
670,2023-01-31,2023-02-01,Biuro Nieruchomości ZEFIR,Płatność Biuro Nieruchomości ZEFIR,PL17915004297198499658294702,Millennium,9626669076,-443482.33,PLN,Moje,-15153120.83,PLN,1
671,2023-02-01,2023-02-01,Lidl,Płatność Lidl,PL52816180242708758961361532,mBank,8127273136,-108.47,PLN,Konto w EUR,-15153229.3,PLN,0
672,2023-02-03,2023-02-04,Vattenfall,Płatność Vattenfall,PL79928047359000398354964382,Santander,4557688727,-166.55,PLN,Konto w USD,-15153395.85,PLN,0
673,2023-02-04,2023-02-05,ATM ING,Płatność ATM ING,PL63132358509278214851682573,mBank,3809733908,-701.28,PLN,Konto w EUR,-15154097.13,PLN,0
674,2023-02-05,2023-02-05,Orlen,Płatność Orlen,PL26886307577608379169175076,Santander,2112892854,-266.07,PLN,Konto w EUR,-15154363.2,PLN,0
675,2023-02-07,2023-02-09,Biuro Nieruchomości ZEFIR,Płatność Biuro Nieruchomości ZEFIR,PL60970613891877939883617151,Millennium,4181592077,-480451.88,PLN,Konto w USD,-15634815.08,PLN,1
676,2023-02-08,2023-02-08,Biuro Notarialne,Płatność Biuro Notarialne,PL76414457699762465381965016,mBank,6644556579,-10816.17,PLN,Wspólne,-15645631.25,PLN,1
677,2023-02-10,2023-02-10,Lidl,Płatność Lidl,PL68557142802364220237848205,Santander,7555183677,-119.58,PLN,Wspólne,-15645750.83,PLN,0
678,2023-02-11,2023-02-11,PGNiG,Płatność PGNiG,PL18787700718655095951341196,Santander,7296296960,-174.18,PLN,Konto w USD,-15645925.01,PLN,0
679,2023-02-13,2023-02-14,PKO BP,Płatność PKO BP,PL88587695174287161687756900,Millennium,6230892252,8861.53,PLN,Wspólne,-15637063.48,PLN,0
680,2023-02-22,2023-02-22,ATM ING,Płatność ATM ING,PL87533633823364179515066404,mBank,2213419307,-447.97,PLN,Wspólne,-15637511.45,PLN,0
681,2023-02-24,2023-02-25,Allegro,Płatność Allegro,PL62622908833968640101355131,PKO BP,4289204246,-140.38,PLN,Wspólne,-15637651.83,PLN,0
682,2023-02-24,2023-02-25,Amazon,Płatność Amazon,PL31392319466520989716375541,Santander,2353176743,-92.42,USD,Wspólne,-15637744.25,USD,0
683,2023-02-28,2023-03-01,Orlen,Płatność Orlen,PL28395975108145635768753835,mBank,7971028000,-147.58,PLN,Wspólne,-15637891.83,PLN,0
684,2023-02-28,2023-03-01,Vattenfall,Płatność Vattenfall,PL31610419497480334134129603,PKO BP,6350099361,-239.14,PLN,Konto w USD,-15638130.97,PLN,0
685,2023-02-28,2023-03-01,Lidl,Płatność Lidl,PL15165289156134940648786486,Millennium,6827991023,-88.98,PLN,Konto w EUR,-15638219.95,PLN,0
686,2023-03-01,2023-03-02,Urząd Skarbowy,Płatność Urząd Skarbowy,PL16483974991946775944233834,PKO BP,1157830819,-8169.16,PLN,Konto w USD,-15646389.11,PLN,0
687,2023-03-03,2023-03-03,PKO BP,Płatność PKO BP,PL74697309848057212521038589,mBank,2682029245,4967.5,PLN,Wspólne,-15641421.61,PLN,0
688,2023-03-05,2023-03-06,PKO BP,Płatność PKO BP,PL83906421683147776708751232,ING,8914503235,5734.62,PLN,Konto w EUR,-15635686.99,PLN,0
689,2023-03-08,2023-03-08,Zabka,Płatność Zabka,PL46651589519554839278800853,ING,6861246275,-98.77,PLN,Konto w EUR,-15635785.76,PLN,0
690,2023-03-10,2023-03-10,PGNiG,Płatność PGNiG,PL48427562784264799189064779,ING,9318535253,-153.54,PLN,Konto w EUR,-15635939.3,PLN,0
691,2023-03-12,2023-03-14,Urząd Skarbowy,Płatność Urząd Skarbowy,PL99848488846751288143653696,mBank,1219279989,-5943.05,PLN,Konto w USD,-15641882.35,PLN,0
692,2023-03-13,2023-03-14,Allegro,Płatność Allegro,PL87328290110449804797512193,Santander,4408423851,-220.54,PLN,Wspólne,-15642102.89,PLN,0
693,2023-03-14,2023-03-14,ATM ING,Płatność ATM ING,PL39662013727157747657111303,Millennium,5560037324,-834.61,PLN,Konto w USD,-15642937.5,PLN,0
694,2023-03-18,2023-03-19,Biedronka,Płatność Biedronka,PL71944558485772026815888562,Millennium,9417667127,-63.15,PLN,Moje,-15643000.65,PLN,0
695,2023-03-18,2023-03-18,STS.pl,Płatność STS.pl,PL19604687444465240637112221,Millennium,7202459403,-1899.2,PLN,Konto w EUR,-15644899.85,PLN,1
696,2023-03-20,2023-03-21,Zabka,Płatność Zabka,PL81526215578761013433262518,ING,1463059034,-92.07,PLN,Moje,-15644991.92,PLN,0
697,2023-03-21,2023-03-21,Biedronka,Płatność Biedronka,PL49126857750572762412157059,mBank,3626808037,-143.24,PLN,Konto w USD,-15645135.16,PLN,0
698,2023-03-24,2023-03-24,Santander Leasing,Płatność Santander Leasing,PL38212881715342613287024296,ING,9901612246,-2518.96,PLN,Wspólne,-15647654.12,PLN,0
699,2023-03-25,2023-03-27,Biuro Nieruchomości ZEFIR,Płatność Biuro Nieruchomości ZEFIR,PL10378252562027238331942232,mBank,1963495703,-533972.96,PLN,Konto w USD,-16181627.08,PLN,1
700,2023-03-31,2023-04-02,Booking.com,Płatność Booking.com,PL16518330748091978650341008,ING,7284830054,-201.63,EUR,Konto w EUR,-16181828.71,EUR,0
701,2023-03-31,2023-04-01,STS.pl,Płatność STS.pl,PL54267487678154740625846332,Millennium,7698687820,-962.66,PLN,Konto w USD,-16182791.37,PLN,1
702,2023-04-06,2023-04-08,Auto Komis Katowice,Płatność Auto Komis Katowice,PL35766943190747829797995090,Millennium,5009490853,-53031.72,PLN,Moje,-16235823.09,PLN,1
703,2023-04-10,2023-04-12,Firma XYZ,Płatność Firma XYZ,PL13991132797797200714166489,ING,6013992194,6790.27,PLN,Moje,-16229032.82,PLN,0
704,2023-04-11,2023-04-12,PGNiG,Płatność PGNiG,PL66585432070368809806261491,Millennium,7784286788,-140.69,PLN,Wspólne,-16229173.51,PLN,0
705,2023-04-15,2023-04-17,Vattenfall,Płatność Vattenfall,PL97873349925540730077262953,Santander,4530100567,-223.66,PLN,Konto w USD,-16229397.17,PLN,0
706,2023-04-17,2023-04-19,Vattenfall,Płatność Vattenfall,PL49779603515893426046156205,mBank,6054678460,-215.99,PLN,Konto w USD,-16229613.16,PLN,0
707,2023-04-17,2023-04-18,Allegro,Płatność Allegro,PL48779772780891915624980317,Santander,2120433390,-152.32,PLN,Konto w USD,-16229765.48,PLN,0
708,2023-04-20,2023-04-21,Zabka,Płatność Zabka,PL52180428411313937859383308,Santander,6661112202,-165.88,PLN,Konto w USD,-16229931.36,PLN,0
709,2023-04-21,2023-04-23,Orlen,Płatność Orlen,PL77154596926545272999777758,ING,4956866299,-255.09,PLN,Konto w EUR,-16230186.45,PLN,0
710,2023-04-22,2023-04-22,ATM ING,Płatność ATM ING,PL49793194155106141508597903,ING,2879249390,-718.55,PLN,Moje,-16230905.0,PLN,0
711,2023-04-23,2023-04-25,PokerStars,Płatność PokerStars,PL75648788239329969602627746,ING,6732445035,-472.16,EUR,Konto w USD,-16231377.16,EUR,1
712,2023-04-24,2023-04-24,Auto Komis Katowice,Płatność Auto Komis Katowice,PL21492823332690833428084612,Santander,6918460188,-52729.67,PLN,Konto w USD,-16284106.83,PLN,1
713,2023-04-24,2023-04-25,Biuro Nieruchomości ZEFIR,Płatność Biuro Nieruchomości ZEFIR,PL32336333477881992335813259,Santander,2127465845,-517622.74,PLN,Konto w EUR,-16801729.57,PLN,1
714,2023-05-02,2023-05-04,Amazon,Płatność Amazon,PL51789285119758829677488581,ING,8896103725,-786.81,USD,Moje,-16802516.38,USD,0
715,2023-05-04,2023-05-05,Booking.com,Płatność Booking.com,PL50494766319846360301309846,Millennium,9674633671,-597.96,EUR,Konto w USD,-16803114.34,EUR,0
716,2023-05-04,2023-05-05,Zabka,Płatność Zabka,PL10181764462960224941507049,Millennium,8237685438,-187.57,PLN,Konto w USD,-16803301.91,PLN,0
717,2023-05-07,2023-05-08,PKO BP,Płatność PKO BP,PL82317259253432043169038113,ING,5530392029,3986.68,PLN,Konto w EUR,-16799315.23,PLN,0
718,2023-05-08,2023-05-08,Biedronka,Płatność Biedronka,PL67717419469992572660212172,Santander,7859503404,-178.24,PLN,Konto w USD,-16799493.47,PLN,0
719,2023-05-10,2023-05-11,ATM ING,Płatność ATM ING,PL22880372867786478030029621,ING,1289367558,-1042.55,PLN,Moje,-16800536.02,PLN,0
720,2023-05-10,2023-05-12,Biuro Nieruchomości ZEFIR,Płatność Biuro Nieruchomości ZEFIR,PL82571422122624165061995583,ING,4501437938,-535030.78,PLN,Konto w USD,-17335566.8,PLN,1
721,2023-05-13,2023-05-13,Auto Komis Katowice,Płatność Auto Komis Katowice,PL37329159894900845973606069,ING,2598689926,-56053.64,PLN,Wspólne,-17391620.44,PLN,1
722,2023-05-14,2023-05-14,Urząd Skarbowy,Płatność Urząd Skarbowy,PL35296121117552779500094677,PKO BP,3653317487,-7990.74,PLN,Moje,-17399611.18,PLN,0
723,2023-05-16,2023-05-16,Booking.com,Płatność Booking.com,PL82832355180486139219172795,mBank,7328080348,-61.36,EUR,Konto w USD,-17399672.54,EUR,0
724,2023-05-19,2023-05-21,PokerStars,Płatność PokerStars,PL75341717422051410755680932,mBank,6623108992,-1316.01,EUR,Wspólne,-17400988.55,EUR,1
725,2023-05-23,2023-05-24,Urząd Skarbowy,Płatność Urząd Skarbowy,PL53526071355255167340476937,ING,7032124964,-4908.09,PLN,Moje,-17405896.64,PLN,0
726,2023-05-24,2023-05-24,Urząd Skarbowy,Płatność Urząd Skarbowy,PL55141588956577722425966171,ING,8949071459,-8671.36,PLN,Moje,-17414568.0,PLN,0
727,2023-05-27,2023-05-27,Allegro,Płatność Allegro,PL45555098786266867645546461,Santander,8685477742,-94.36,PLN,Konto w USD,-17414662.36,PLN,0
728,2023-05-27,2023-05-29,Biuro Nieruchomości ZEFIR,Płatność Biuro Nieruchomości ZEFIR,PL79214574608777829438805975,Santander,3291679464,-504289.28,PLN,Konto w USD,-17918951.64,PLN,1
729,2023-05-31,2023-06-01,Zabka,Płatność Zabka,PL86814868097134615666008713,ING,7261225164,-170.75,PLN,Moje,-17919122.39,PLN,0
730,2023-05-31,2023-06-01,Urząd Skarbowy,Płatność Urząd Skarbowy,PL70502068835896812420815054,Millennium,3186739367,-7125.79,PLN,Konto w EUR,-17926248.18,PLN,0
731,2023-06-01,2023-06-01,Vattenfall,Płatność Vattenfall,PL19023363500308757432014746,PKO BP,8717900667,-238.23,PLN,Konto w USD,-17926486.41,PLN,0
732,2023-06-06,2023-06-08,STS.pl,Płatność STS.pl,PL65008609086333881898881550,Santander,6392296197,-638.16,PLN,Konto w EUR,-17927124.57,PLN,1
733,2023-06-06,2023-06-08,Zabka,Płatność Zabka,PL77580653328566609096926463,PKO BP,6079474654,-121.69,PLN,Konto w EUR,-17927246.26,PLN,0
734,2023-06-10,2023-06-10,Amazon,Płatność Amazon,PL25036514959413096387865658,ING,9978754431,-270.94,USD,Moje,-17927517.2,USD,0
735,2023-06-10,2023-06-11,MediaMarkt,Płatność MediaMarkt,PL20958912953297982976375942,Millennium,6369934500,-2057.92,PLN,Konto w USD,-17929575.12,PLN,0
736,2023-06-11,2023-06-12,MediaMarkt,Płatność MediaMarkt,PL44410475164017120785615077,PKO BP,1328024536,-2414.53,PLN,Konto w EUR,-17931989.65,PLN,0
737,2023-06-17,2023-06-19,Biuro Nieruchomości ZEFIR,Płatność Biuro Nieruchomości ZEFIR,PL42440936029058935757815755,ING,3982625756,-432409.98,PLN,Konto w EUR,-18364399.63,PLN,1
738,2023-06-18,2023-06-19,Auto Komis Katowice,Płatność Auto Komis Katowice,PL50959914579414667992616842,PKO BP,5004745577,-45124.71,PLN,Moje,-18409524.34,PLN,1
739,2023-06-19,2023-06-21,PokerStars,Płatność PokerStars,PL98891277751067012119503506,Millennium,9277390942,-1717.97,EUR,Moje,-18411242.31,EUR,1
740,2023-06-19,2023-06-20,Biuro Notarialne,Płatność Biuro Notarialne,PL82803308867535551375008860,mBank,7613529728,-8563.63,PLN,Konto w USD,-18419805.94,PLN,0
741,2023-06-20,2023-06-21,PGNiG,Płatność PGNiG,PL80511091611495441955737271,ING,1774115211,-150.93,PLN,Konto w EUR,-18419956.87,PLN,0
742,2023-06-20,2023-06-20,Santander Leasing,Płatność Santander Leasing,PL61985590336458601462475906,Millennium,6460723775,-1894.23,PLN,Wspólne,-18421851.1,PLN,0
743,2023-06-21,2023-06-21,Biuro Notarialne,Płatność Biuro Notarialne,PL79017357071811288706932793,Santander,7548694008,-11328.72,PLN,Konto w USD,-18433179.82,PLN,1
744,2023-06-22,2023-06-24,PokerStars,Płatność PokerStars,PL49920848115621860763426151,Santander,8552664320,-657.07,EUR,Moje,-18433836.89,EUR,1
745,2023-06-24,2023-06-26,Amazon,Płatność Amazon,PL31074796271553447150205647,Millennium,5225050022,-240.17,USD,Konto w USD,-18434077.06,USD,0
746,2023-06-24,2023-06-24,Zabka,Płatność Zabka,PL77307457864657696564340155,PKO BP,8281599450,-144.43,PLN,Konto w EUR,-18434221.49,PLN,0
747,2023-06-26,2023-06-28,Booking.com,Płatność Booking.com,PL48866334384199570074133457,Santander,4847485935,-988.48,EUR,Moje,-18435209.97,EUR,0
748,2023-06-27,2023-06-27,PKO BP,Płatność PKO BP,PL64078284354645277793031750,Santander,4810009104,1955.32,PLN,Konto w EUR,-18433254.65,PLN,0
749,2023-06-27,2023-06-28,Santander Leasing,Płatność Santander Leasing,PL14367275243347419560624263,Santander,1996714127,-2465.26,PLN,Konto w USD,-18435719.91,PLN,0
750,2023-06-30,2023-07-01,Biedronka,Płatność Biedronka,PL47335108725510813610040649,PKO BP,1227021383,-109.09,PLN,Konto w USD,-18435829.0,PLN,0
751,2023-06-30,2023-06-30,STS.pl,Płatność STS.pl,PL86142291782669455920586561,ING,7600916807,-1636.01,PLN,Wspólne,-18437465.01,PLN,1
752,2023-06-30,2023-06-30,PGNiG,Płatność PGNiG,PL64491642782190811660996969,Santander,4463822274,-143.86,PLN,Wspólne,-18437608.87,PLN,0
753,2023-07-02,2023-07-02,Booking.com,Płatność Booking.com,PL86062548461483905116193703,Millennium,4639709642,-249.22,EUR,Konto w USD,-18437858.09,EUR,0
754,2023-07-04,2023-07-05,Auto Komis Katowice,Płatność Auto Komis Katowice,PL71137654771025016712072218,Santander,5628146210,-56374.44,PLN,Konto w EUR,-18494232.53,PLN,1
755,2023-07-06,2023-07-07,Urząd Skarbowy,Płatność Urząd Skarbowy,PL89475663131209306293824491,Santander,2617952752,-7735.5,PLN,Konto w EUR,-18501968.03,PLN,0
756,2023-07-07,2023-07-08,Santander Leasing,Płatność Santander Leasing,PL22364673553737015300222992,Millennium,4994716042,-2191.32,PLN,Wspólne,-18504159.35,PLN,0
757,2023-07-10,2023-07-11,Auto Komis Katowice,Płatność Auto Komis Katowice,PL31588101708109959234826106,ING,5029287625,-55209.93,PLN,Konto w USD,-18559369.28,PLN,1
758,2023-07-10,2023-07-12,Santander Leasing,Płatność Santander Leasing,PL58913938610679647625351475,Millennium,6465384067,-2500.8,PLN,Konto w EUR,-18561870.08,PLN,0
759,2023-07-11,2023-07-13,STS.pl,Płatność STS.pl,PL92418278695312078776003075,mBank,5449600498,-1120.03,PLN,Wspólne,-18562990.11,PLN,1
760,2023-07-16,2023-07-18,Biedronka,Płatność Biedronka,PL95957576154115969156694116,Santander,4714604888,-159.14,PLN,Wspólne,-18563149.25,PLN,0
761,2023-07-16,2023-07-16,STS.pl,Płatność STS.pl,PL76940188085802190845674466,Santander,7541038857,-1844.13,PLN,Konto w EUR,-18564993.38,PLN,1
762,2023-07-17,2023-07-18,ATM ING,Płatność ATM ING,PL70225622637436829807412864,PKO BP,2451373229,-1223.94,PLN,Konto w USD,-18566217.32,PLN,0
763,2023-07-17,2023-07-19,ATM ING,Płatność ATM ING,PL47633529504895096893505038,PKO BP,9616959240,-887.94,PLN,Konto w USD,-18567105.26,PLN,0
764,2023-07-18,2023-07-19,Orlen,Płatność Orlen,PL77720197612621876188087721,ING,5326119360,-212.21,PLN,Wspólne,-18567317.47,PLN,0
765,2023-07-22,2023-07-23,Auto Komis Katowice,Płatność Auto Komis Katowice,PL84328800855391986663332653,PKO BP,2826575860,-48413.34,PLN,Wspólne,-18615730.81,PLN,1
766,2023-07-22,2023-07-24,ATM ING,Płatność ATM ING,PL80085375876141110581746041,Santander,4294684247,-1316.41,PLN,Moje,-18617047.22,PLN,0
767,2023-07-23,2023-07-23,Vattenfall,Płatność Vattenfall,PL65158412455229042409586934,Millennium,3017845503,-199.59,PLN,Moje,-18617246.81,PLN,0
768,2023-07-24,2023-07-24,ATM ING,Płatność ATM ING,PL29584812719573713688743060,PKO BP,7660424221,-1208.73,PLN,Konto w USD,-18618455.54,PLN,0
769,2023-07-27,2023-07-28,Zabka,Płatność Zabka,PL49393387005741301072697080,ING,5170235520,-76.19,PLN,Konto w EUR,-18618531.73,PLN,0
770,2023-07-27,2023-07-27,PokerStars,Płatność PokerStars,PL90652954246004168124958958,Millennium,5461085968,-741.73,EUR,Moje,-18619273.46,EUR,1
771,2023-07-29,2023-07-29,PKO BP,Płatność PKO BP,PL93164352042983328283346905,ING,7802288958,4447.91,PLN,Konto w EUR,-18614825.55,PLN,0
772,2023-07-30,2023-07-31,Firma XYZ,Płatność Firma XYZ,PL91648853787107694985998715,Santander,6769299416,7804.17,PLN,Moje,-18607021.38,PLN,0
773,2023-07-30,2023-08-01,PGNiG,Płatność PGNiG,PL50938174707568740525682916,Santander,1980386833,-197.11,PLN,Wspólne,-18607218.49,PLN,0
774,2023-07-31,2023-08-02,STS.pl,Płatność STS.pl,PL94236102810143160056718901,Millennium,6713571316,-1284.84,PLN,Konto w USD,-18608503.33,PLN,1
775,2023-07-31,2023-08-01,Orlen,Płatność Orlen,PL75493317374116398123689911,PKO BP,7936200936,-105.8,PLN,Konto w EUR,-18608609.13,PLN,0
776,2023-08-01,2023-08-03,Biuro Nieruchomości ZEFIR,Płatność Biuro Nieruchomości ZEFIR,PL53180504545600199172550171,PKO BP,7106351770,-518061.05,PLN,Moje,-19126670.18,PLN,1
777,2023-08-03,2023-08-05,Lidl,Płatność Lidl,PL19154089872211884821850114,ING,4085550927,-129.51,PLN,Wspólne,-19126799.69,PLN,0
778,2023-08-10,2023-08-11,Amazon,Płatność Amazon,PL28155667250745047425505036,PKO BP,7462012546,-471.34,USD,Moje,-19127271.03,USD,0
779,2023-08-11,2023-08-13,Firma XYZ,Płatność Firma XYZ,PL65065693899281034019467977,Santander,5524065335,6715.67,PLN,Moje,-19120555.36,PLN,0
780,2023-08-12,2023-08-13,Biedronka,Płatność Biedronka,PL28099925854167804773932819,mBank,4515900968,-293.38,PLN,Wspólne,-19120848.74,PLN,0
781,2023-08-14,2023-08-14,Orlen,Płatność Orlen,PL60458028348282668002097141,Santander,2968745166,-156.04,PLN,Wspólne,-19121004.78,PLN,0
782,2023-08-21,2023-08-21,Orlen,Płatność Orlen,PL81306475213658131008668030,ING,9581277987,-198.2,PLN,Konto w USD,-19121202.98,PLN,0
783,2023-08-24,2023-08-24,Urząd Skarbowy,Płatność Urząd Skarbowy,PL66959314403812688384298382,Santander,9151736001,-7648.92,PLN,Konto w EUR,-19128851.9,PLN,0
784,2023-08-26,2023-08-28,Lidl,Płatność Lidl,PL98209777345181252472266299,mBank,9487983170,-120.88,PLN,Moje,-19128972.78,PLN,0
785,2023-08-27,2023-08-27,PokerStars,Płatność PokerStars,PL30736065934007831142520482,Millennium,5651358720,-716.0,EUR,Moje,-19129688.78,EUR,1
786,2023-08-31,2023-09-01,PGNiG,Płatność PGNiG,PL44701951478997371228373762,Millennium,2344078337,-161.12,PLN,Konto w EUR,-19129849.9,PLN,0
787,2023-09-04,2023-09-04,ATM ING,Płatność ATM ING,PL80118637259141588754089007,Millennium,3150162284,-1251.71,PLN,Moje,-19131101.61,PLN,0
788,2023-09-04,2023-09-06,Firma XYZ,Płatność Firma XYZ,PL20383393207483061552667125,Millennium,1794457454,7475.17,PLN,Konto w EUR,-19123626.44,PLN,0
789,2023-09-05,2023-09-06,Urząd Skarbowy,Płatność Urząd Skarbowy,PL59466443877419633330189813,PKO BP,1878361545,-6948.56,PLN,Wspólne,-19130575.0,PLN,0
790,2023-09-07,2023-09-08,Lidl,Płatność Lidl,PL41332448990312595872775054,ING,5902690359,-155.68,PLN,Moje,-19130730.68,PLN,0
791,2023-09-11,2023-09-11,Allegro,Płatność Allegro,PL54807477704700169631497485,ING,7768329524,-252.08,PLN,Moje,-19130982.76,PLN,0
792,2023-09-13,2023-09-14,STS.pl,Płatność STS.pl,PL95367931188176199822804387,ING,6002631803,-1614.71,PLN,Konto w USD,-19132597.47,PLN,1
793,2023-09-17,2023-09-18,Biuro Nieruchomości ZEFIR,Płatność Biuro Nieruchomości ZEFIR,PL23700991784179252125027587,PKO BP,3814955011,-413396.9,PLN,Wspólne,-19545994.37,PLN,1
794,2023-09-18,2023-09-20,PokerStars,Płatność PokerStars,PL95679077283088242555934752,Millennium,1488996154,-674.72,EUR,Konto w EUR,-19546669.09,EUR,1
795,2023-09-22,2023-09-23,Amazon,Płatność Amazon,PL66773446653345397527368314,Santander,1294881102,-228.04,USD,Wspólne,-19546897.13,USD,0
796,2023-09-23,2023-09-24,Biuro Notarialne,Płatność Biuro Notarialne,PL81441636823423004581548771,Santander,7643733384,-11068.55,PLN,Moje,-19557965.68,PLN,1
797,2023-09-29,2023-09-29,STS.pl,Płatność STS.pl,PL29872378910972355414369779,ING,4298548977,-1037.78,PLN,Wspólne,-19559003.46,PLN,1
798,2023-09-30,2023-10-02,Zabka,Płatność Zabka,PL41539057034536515782332210,Millennium,1961163542,-159.19,PLN,Moje,-19559162.65,PLN,0
799,2023-09-30,2023-09-30,PGNiG,Płatność PGNiG,PL15318464909962459830887959,PKO BP,9807858188,-167.37,PLN,Moje,-19559330.02,PLN,0
800,2023-09-30,2023-09-30,Biuro Nieruchomości ZEFIR,Płatność Biuro Nieruchomości ZEFIR,PL39131193385510414760499230,ING,3534413835,-425969.23,PLN,Wspólne,-19985299.25,PLN,1
801,2023-10-07,2023-10-09,Booking.com,Płatność Booking.com,PL70744949687461892557345818,Millennium,3990114705,-687.17,EUR,Moje,-19985986.42,EUR,0
802,2023-10-11,2023-10-13,Orlen,Płatność Orlen,PL76699917268864910882174138,Santander,3100479974,-291.82,PLN,Konto w EUR,-19986278.24,PLN,0
803,2023-10-14,2023-10-15,Booking.com,Płatność Booking.com,PL97148633747571704896440172,ING,3655924687,-915.72,EUR,Konto w USD,-19987193.96,EUR,0
804,2023-10-17,2023-10-19,PGNiG,Płatność PGNiG,PL14668979148557443746363619,ING,1682419544,-122.86,PLN,Wspólne,-19987316.82,PLN,0
805,2023-10-19,2023-10-19,Vattenfall,Płatność Vattenfall,PL66926644693196772312646615,Santander,3117817163,-292.9,PLN,Konto w EUR,-19987609.72,PLN,0
806,2023-10-20,2023-10-20,MediaMarkt,Płatność MediaMarkt,PL18979918271633702282731572,Santander,7243945896,-2212.12,PLN,Wspólne,-19989821.84,PLN,0
807,2023-10-20,2023-10-20,Urząd Skarbowy,Płatność Urząd Skarbowy,PL33524550892695066304593239,PKO BP,4205704025,-8244.92,PLN,Moje,-19998066.76,PLN,0
808,2023-10-21,2023-10-23,Firma XYZ,Płatność Firma XYZ,PL86978699508975764475411123,Millennium,4127119760,6539.15,PLN,Moje,-19991527.61,PLN,0
809,2023-10-23,2023-10-25,Biedronka,Płatność Biedronka,PL68665306024260542430303227,PKO BP,5554499072,-191.96,PLN,Konto w USD,-19991719.57,PLN,0
810,2023-10-26,2023-10-28,Orlen,Płatność Orlen,PL71465757613521923085755416,Millennium,4073965834,-104.54,PLN,Wspólne,-19991824.11,PLN,0
811,2023-10-27,2023-10-28,Allegro,Płatność Allegro,PL86311616675597213303046471,ING,4516685756,-216.31,PLN,Moje,-19992040.42,PLN,0
812,2023-10-29,2023-10-29,Biuro Nieruchomości ZEFIR,Płatność Biuro Nieruchomości ZEFIR,PL52453338023211551814520266,ING,7697713977,-449095.48,PLN,Wspólne,-20441135.9,PLN,1
813,2023-10-30,2023-10-30,Amazon,Płatność Amazon,PL85966215210129491355899622,mBank,3371077130,-166.52,USD,Wspólne,-20441302.42,USD,0
814,2023-11-01,2023-11-02,Amazon,Płatność Amazon,PL10805306119399173700393021,Millennium,3116935732,-387.79,USD,Wspólne,-20441690.21,USD,0
815,2023-11-02,2023-11-02,MediaMarkt,Płatność MediaMarkt,PL93830101592882878845594776,PKO BP,8240871374,-2776.38,PLN,Konto w EUR,-20444466.59,PLN,0
816,2023-11-05,2023-11-07,Vattenfall,Płatność Vattenfall,PL27419331822624623187085241,PKO BP,4701967000,-203.41,PLN,Wspólne,-20444670.0,PLN,0
817,2023-11-07,2023-11-07,Santander Leasing,Płatność Santander Leasing,PL41906630567073204673719628,Millennium,8346261022,-2394.73,PLN,Wspólne,-20447064.73,PLN,0
818,2023-11-07,2023-11-08,Firma XYZ,Płatność Firma XYZ,PL39789252888210642916873926,PKO BP,5092448845,7817.05,PLN,Moje,-20439247.68,PLN,0
819,2023-11-10,2023-11-10,Biedronka,Płatność Biedronka,PL49511346971095958592568358,Santander,6631565147,-166.14,PLN,Konto w USD,-20439413.82,PLN,0
820,2023-11-12,2023-11-12,Vattenfall,Płatność Vattenfall,PL25205748275882069910009162,Santander,6286624919,-227.59,PLN,Moje,-20439641.41,PLN,0
821,2023-11-13,2023-11-14,ATM ING,Płatność ATM ING,PL80774329788579282809600204,mBank,7194480893,-250.17,PLN,Konto w USD,-20439891.58,PLN,0
822,2023-11-15,2023-11-15,Biedronka,Płatność Biedronka,PL56718251958113491476076441,ING,3202764162,-104.82,PLN,Moje,-20439996.4,PLN,0
823,2023-11-16,2023-11-17,Vattenfall,Płatność Vattenfall,PL77995775389773813656336624,PKO BP,3336677529,-187.96,PLN,Konto w EUR,-20440184.36,PLN,0
824,2023-11-16,2023-11-17,Allegro,Płatność Allegro,PL21248475310542029961954969,Santander,7610018828,-219.82,PLN,Moje,-20440404.18,PLN,0
825,2023-11-23,2023-11-25,PKO BP,Płatność PKO BP,PL68036516754769820073857521,ING,9973586665,3415.7,PLN,Wspólne,-20436988.48,PLN,0
826,2023-11-23,2023-11-24,Firma XYZ,Płatność Firma XYZ,PL61505666628452264752883778,mBank,8003341697,7622.77,PLN,Konto w USD,-20429365.71,PLN,0
827,2023-11-25,2023-11-25,Urząd Skarbowy,Płatność Urząd Skarbowy,PL71624129268439707221117332,Millennium,5165158981,-9458.6,PLN,Konto w USD,-20438824.31,PLN,0
828,2023-11-27,2023-11-29,MediaMarkt,Płatność MediaMarkt,PL87345228369391889795640944,Santander,1117263624,-2629.59,PLN,Konto w EUR,-20441453.9,PLN,0
829,2023-12-05,2023-12-05,Vattenfall,Płatność Vattenfall,PL97677500898258651298706974,mBank,8192211291,-244.78,PLN,Konto w USD,-20441698.68,PLN,0
830,2023-12-06,2023-12-06,Zabka,Płatność Zabka,PL33549909233997337574712164,Santander,4330473622,-21.6,PLN,Wspólne,-20441720.28,PLN,0
831,2023-12-08,2023-12-09,MediaMarkt,Płatność MediaMarkt,PL29452325659366182770033294,ING,8584708945,-2064.61,PLN,Wspólne,-20443784.89,PLN,0
832,2023-12-13,2023-12-15,Firma XYZ,Płatność Firma XYZ,PL66891152099596721554996187,ING,2936950633,7696.76,PLN,Wspólne,-20436088.13,PLN,0
833,2023-12-17,2023-12-17,Vattenfall,Płatność Vattenfall,PL98758254256747703707152348,ING,2549243415,-154.41,PLN,Moje,-20436242.54,PLN,0
834,2023-12-18,2023-12-20,Booking.com,Płatność Booking.com,PL52568817866465561742819829,Millennium,7993772958,-229.53,EUR,Konto w EUR,-20436472.07,EUR,0
835,2023-12-20,2023-12-21,Allegro,Płatność Allegro,PL12413314366014161179197891,Santander,7744870231,-265.33,PLN,Konto w EUR,-20436737.4,PLN,0
836,2023-12-23,2023-12-23,PKO BP,Płatność PKO BP,PL54114581500988722176030084,Millennium,8511238909,3396.37,PLN,Konto w USD,-20433341.03,PLN,0
837,2023-12-23,2023-12-23,Biuro Nieruchomości ZEFIR,Płatność Biuro Nieruchomości ZEFIR,PL23082483199254810731760847,Santander,2868840057,-415860.62,PLN,Konto w USD,-20849201.65,PLN,1
838,2023-12-24,2023-12-26,PokerStars,Płatność PokerStars,PL11853952515123702014939072,ING,9876996888,-420.26,EUR,Konto w USD,-20849621.91,EUR,1
839,2023-12-27,2023-12-29,Allegro,Płatność Allegro,PL58441283385641005136136694,ING,8800153160,-103.14,PLN,Wspólne,-20849725.05,PLN,0
840,2023-12-27,2023-12-28,Auto Komis Katowice,Płatność Auto Komis Katowice,PL53095457320601040802604553,Millennium,7897886806,-48419.29,PLN,Moje,-20898144.34,PLN,1
841,2024-01-03,2024-01-05,Biedronka,Płatność Biedronka,PL81974344117289354246267728,Millennium,1444270728,-73.86,PLN,Konto w EUR,-20898218.2,PLN,0
842,2024-01-08,2024-01-10,PokerStars,Płatność PokerStars,PL16337328002582329462236058,mBank,2210500728,-952.1,EUR,Konto w EUR,-20899170.3,EUR,1
843,2024-01-09,2024-01-10,STS.pl,Płatność STS.pl,PL47946498404438036360814479,mBank,8359997734,-1288.48,PLN,Wspólne,-20900458.78,PLN,1
844,2024-01-11,2024-01-12,Auto Komis Katowice,Płatność Auto Komis Katowice,PL36148692916628495844028920,Millennium,8772507191,-48029.9,PLN,Konto w EUR,-20948488.68,PLN,1
845,2024-01-12,2024-01-13,Firma XYZ,Płatność Firma XYZ,PL95850390483490064522486387,ING,3832723152,7487.65,PLN,Moje,-20941001.03,PLN,0
846,2024-01-12,2024-01-12,ATM ING,Płatność ATM ING,PL52386880171794507810067412,Santander,3028741147,-738.92,PLN,Moje,-20941739.95,PLN,0
847,2024-01-13,2024-01-14,PokerStars,Płatność PokerStars,PL20019477886734674530425386,Millennium,9418711045,-1083.54,EUR,Moje,-20942823.49,EUR,1
848,2024-01-13,2024-01-14,MediaMarkt,Płatność MediaMarkt,PL10313999297191629186031873,Santander,1518923223,-2685.59,PLN,Konto w USD,-20945509.08,PLN,0
849,2024-01-15,2024-01-15,PKO BP,Płatność PKO BP,PL49891866225856809438721278,mBank,3790164688,1222.63,PLN,Moje,-20944286.45,PLN,0
850,2024-01-16,2024-01-17,Biuro Nieruchomości ZEFIR,Płatność Biuro Nieruchomości ZEFIR,PL66208805604791898953324355,mBank,8591124457,-521251.73,PLN,Konto w USD,-21465538.18,PLN,1
851,2024-01-19,2024-01-21,Allegro,Płatność Allegro,PL94585366707656956374705212,mBank,1793386411,-289.1,PLN,Konto w USD,-21465827.28,PLN,0
852,2024-01-19,2024-01-21,Lidl,Płatność Lidl,PL86686836339365324658203134,Santander,1020323211,-196.46,PLN,Konto w USD,-21466023.74,PLN,0
853,2024-01-22,2024-01-24,Auto Komis Katowice,Płatność Auto Komis Katowice,PL32752041341062921397589279,mBank,2040457766,-53407.64,PLN,Konto w EUR,-21519431.38,PLN,1
854,2024-01-23,2024-01-23,PKO BP,Płatność PKO BP,PL35686809901135974209302608,Santander,9849362717,1989.83,PLN,Konto w USD,-21517441.55,PLN,0
855,2024-01-25,2024-01-25,Firma XYZ,Płatność Firma XYZ,PL93737761528295358285731134,Santander,5263832312,7117.9,PLN,Konto w EUR,-21510323.65,PLN,0
856,2024-01-25,2024-01-26,Orlen,Płatność Orlen,PL91952642807416486346697772,PKO BP,5187985759,-112.64,PLN,Moje,-21510436.29,PLN,0
857,2024-01-28,2024-01-30,Zabka,Płatność Zabka,PL83098280848108473510450424,ING,5385913137,-54.0,PLN,Moje,-21510490.29,PLN,0
858,2024-02-01,2024-02-03,Amazon,Płatność Amazon,PL91662224502320402670197316,Millennium,8575091839,-402.75,USD,Wspólne,-21510893.04,USD,0
859,2024-02-02,2024-02-02,STS.pl,Płatność STS.pl,PL15435014128881403642856734,Millennium,6302473754,-169.51,PLN,Konto w EUR,-21511062.55,PLN,1
860,2024-02-06,2024-02-06,Biuro Notarialne,Płatność Biuro Notarialne,PL77343024838171404418124081,Santander,8398237307,-8618.2,PLN,Konto w USD,-21519680.75,PLN,0
861,2024-02-22,2024-02-24,Santander Leasing,Płatność Santander Leasing,PL73420581565689057701166691,mBank,9003594205,-2920.64,PLN,Konto w EUR,-21522601.39,PLN,0
862,2024-02-26,2024-02-26,Firma XYZ,Płatność Firma XYZ,PL82866860578501881503643806,Santander,2186169766,6974.99,PLN,Wspólne,-21515626.4,PLN,0
863,2024-02-28,2024-02-29,MediaMarkt,Płatność MediaMarkt,PL52004280082913132562396687,Santander,2503345838,-1654.44,PLN,Moje,-21517280.84,PLN,0
864,2024-02-28,2024-02-29,Allegro,Płatność Allegro,PL38767034425601590700258589,Santander,5187458189,-112.98,PLN,Konto w USD,-21517393.82,PLN,0
865,2024-02-28,2024-02-28,Biuro Notarialne,Płatność Biuro Notarialne,PL43533728385365137228034079,PKO BP,6393143785,-11966.78,PLN,Wspólne,-21529360.6,PLN,1
866,2024-02-29,2024-03-02,Urząd Skarbowy,Płatność Urząd Skarbowy,PL11564306799490870779418610,Millennium,4259607533,-9714.68,PLN,Konto w USD,-21539075.28,PLN,0
867,2024-03-03,2024-03-05,Vattenfall,Płatność Vattenfall,PL68971948471787856446782090,PKO BP,2438862985,-266.33,PLN,Konto w USD,-21539341.61,PLN,0
868,2024-03-13,2024-03-13,MediaMarkt,Płatność MediaMarkt,PL52053266564839091408810717,Santander,7350692023,-2014.24,PLN,Moje,-21541355.85,PLN,0
869,2024-03-13,2024-03-13,ATM ING,Płatność ATM ING,PL84614925200396582276024038,Millennium,1106185273,-645.38,PLN,Konto w EUR,-21542001.23,PLN,0
870,2024-03-15,2024-03-16,Allegro,Płatność Allegro,PL73165060059220076729274641,Millennium,4997341474,-137.85,PLN,Wspólne,-21542139.08,PLN,0
871,2024-03-25,2024-03-25,ATM ING,Płatność ATM ING,PL33126039798361284415841754,Millennium,9348027180,-840.34,PLN,Konto w USD,-21542979.42,PLN,0
872,2024-03-27,2024-03-27,STS.pl,Płatność STS.pl,PL45726612043131132065199891,Santander,6236063884,-1569.33,PLN,Wspólne,-21544548.75,PLN,1
873,2024-03-29,2024-03-29,STS.pl,Płatność STS.pl,PL25784827398675849321984174,ING,4802533859,-740.34,PLN,Moje,-21545289.09,PLN,1
874,2024-03-29,2024-03-29,Auto Komis Katowice,Płatność Auto Komis Katowice,PL41631518134635890137877759,Santander,5342815588,-55393.9,PLN,Wspólne,-21600682.99,PLN,1
875,2024-03-30,2024-03-30,Allegro,Płatność Allegro,PL92535809724213325471897669,mBank,6871797310,-92.97,PLN,Moje,-21600775.96,PLN,0
876,2024-03-30,2024-03-30,ATM ING,Płatność ATM ING,PL94709955530242685021666236,ING,6451955066,-668.06,PLN,Wspólne,-21601444.02,PLN,0
877,2024-04-02,2024-04-04,Orlen,Płatność Orlen,PL67515391601766224038959842,ING,8124170077,-120.21,PLN,Moje,-21601564.23,PLN,0
878,2024-04-03,2024-04-04,Firma XYZ,Płatność Firma XYZ,PL65172250746629242966655161,mBank,1618816550,6943.69,PLN,Konto w EUR,-21594620.54,PLN,0
879,2024-04-08,2024-04-09,Lidl,Płatność Lidl,PL44423686631660723180454942,Santander,5970745881,-159.88,PLN,Konto w EUR,-21594780.42,PLN,0
880,2024-04-09,2024-04-11,Zabka,Płatność Zabka,PL40672903864236489510198729,Millennium,7568377041,-78.18,PLN,Wspólne,-21594858.6,PLN,0
881,2024-04-10,2024-04-12,Vattenfall,Płatność Vattenfall,PL15882714133195962936693349,PKO BP,7885821515,-258.87,PLN,Konto w USD,-21595117.47,PLN,0
882,2024-04-10,2024-04-11,MediaMarkt,Płatność MediaMarkt,PL22426228766589130131834672,mBank,1098171183,-2793.76,PLN,Wspólne,-21597911.23,PLN,0
883,2024-04-10,2024-04-12,PKO BP,Płatność PKO BP,PL75085622658440649882447149,mBank,8721783460,6141.7,PLN,Moje,-21591769.53,PLN,0
884,2024-04-14,2024-04-14,Zabka,Płatność Zabka,PL77454087234296930681859540,Santander,7545564967,-43.0,PLN,Moje,-21591812.53,PLN,0
885,2024-04-18,2024-04-20,Firma XYZ,Płatność Firma XYZ,PL56061335308759045079342806,Santander,7088335695,7469.35,PLN,Moje,-21584343.18,PLN,0
886,2024-04-20,2024-04-21,PGNiG,Płatność PGNiG,PL92306340860970430862109482,Santander,2059195303,-186.31,PLN,Konto w EUR,-21584529.49,PLN,0
887,2024-04-21,2024-04-21,Biuro Notarialne,Płatność Biuro Notarialne,PL45762684306844011998479505,Millennium,2438595363,-8356.11,PLN,Konto w EUR,-21592885.6,PLN,0
888,2024-04-22,2024-04-22,ATM ING,Płatność ATM ING,PL33629784211919314019809719,ING,6691924159,-1313.47,PLN,Konto w USD,-21594199.07,PLN,0
889,2024-04-23,2024-04-24,Amazon,Płatność Amazon,PL41861203358352131619264261,Millennium,2780831544,-728.35,USD,Konto w EUR,-21594927.42,USD,0
890,2024-04-24,2024-04-26,Biuro Notarialne,Płatność Biuro Notarialne,PL11117656661607260389280936,PKO BP,6789041855,-9347.27,PLN,Konto w EUR,-21604274.69,PLN,0
891,2024-04-25,2024-04-25,Santander Leasing,Płatność Santander Leasing,PL21526211886367180110254926,Santander,9839935220,-2234.75,PLN,Konto w USD,-21606509.44,PLN,0
892,2024-05-02,2024-05-02,Allegro,Płatność Allegro,PL35957261637794852923967045,mBank,8455334739,-38.45,PLN,Konto w USD,-21606547.89,PLN,0
893,2024-05-03,2024-05-04,Allegro,Płatność Allegro,PL36308048850669238101941311,PKO BP,7463891998,-224.35,PLN,Konto w EUR,-21606772.24,PLN,0
894,2024-05-09,2024-05-09,Biuro Nieruchomości ZEFIR,Płatność Biuro Nieruchomości ZEFIR,PL75933386890711789860609537,Santander,1531898944,-392765.42,PLN,Moje,-21999537.66,PLN,1
895,2024-05-09,2024-05-09,PGNiG,Płatność PGNiG,PL13544444608822161304330883,Santander,5957474249,-163.9,PLN,Konto w EUR,-21999701.56,PLN,0
896,2024-05-12,2024-05-13,PGNiG,Płatność PGNiG,PL98361027272009343913965393,PKO BP,8148859504,-193.92,PLN,Konto w EUR,-21999895.48,PLN,0
897,2024-05-12,2024-05-13,Biuro Notarialne,Płatność Biuro Notarialne,PL24138161661051236373199280,Santander,9554370870,-9452.27,PLN,Moje,-22009347.75,PLN,0
898,2024-05-16,2024-05-17,Biuro Notarialne,Płatność Biuro Notarialne,PL86697931499175504111919008,ING,9239710775,-10683.58,PLN,Konto w EUR,-22020031.33,PLN,1
899,2024-05-21,2024-05-21,Urząd Skarbowy,Płatność Urząd Skarbowy,PL12240506623665821876585119,mBank,6462769573,-7831.0,PLN,Konto w USD,-22027862.33,PLN,0
900,2024-05-21,2024-05-21,Biuro Nieruchomości ZEFIR,Płatność Biuro Nieruchomości ZEFIR,PL86405287118569395181574703,PKO BP,5159805921,-517078.32,PLN,Konto w USD,-22544940.65,PLN,1
901,2024-05-28,2024-05-29,Auto Komis Katowice,Płatność Auto Komis Katowice,PL87552826169496541129692695,Millennium,9718759721,-58232.75,PLN,Konto w EUR,-22603173.4,PLN,1
902,2024-06-01,2024-06-01,Firma XYZ,Płatność Firma XYZ,PL23598127841345312579627401,Millennium,6116948801,7155.11,PLN,Konto w EUR,-22596018.29,PLN,0
903,2024-06-01,2024-06-02,Orlen,Płatność Orlen,PL87751431360505490606870384,PKO BP,9489709081,-188.51,PLN,Konto w EUR,-22596206.8,PLN,0
904,2024-06-02,2024-06-03,Amazon,Płatność Amazon,PL88626394807997305681407460,mBank,3658454378,-656.85,USD,Moje,-22596863.65,USD,0
905,2024-06-02,2024-06-04,Firma XYZ,Płatność Firma XYZ,PL33179958307538649827795580,PKO BP,9783546619,6736.61,PLN,Konto w USD,-22590127.04,PLN,0
906,2024-06-06,2024-06-08,Vattenfall,Płatność Vattenfall,PL65448426658351124823092724,mBank,7564383779,-208.99,PLN,Konto w EUR,-22590336.03,PLN,0
907,2024-06-07,2024-06-09,STS.pl,Płatność STS.pl,PL25802768929780696997249502,mBank,2670209278,-1993.82,PLN,Wspólne,-22592329.85,PLN,1
908,2024-06-07,2024-06-07,MediaMarkt,Płatność MediaMarkt,PL94474180873756336725087084,ING,6195093452,-2177.81,PLN,Konto w EUR,-22594507.66,PLN,0
909,2024-06-07,2024-06-07,Santander Leasing,Płatność Santander Leasing,PL10107035888948186535629717,mBank,1251677491,-2546.28,PLN,Konto w USD,-22597053.94,PLN,0
910,2024-06-08,2024-06-08,Firma XYZ,Płatność Firma XYZ,PL76587644835292477622933843,Millennium,5646804897,6889.34,PLN,Moje,-22590164.6,PLN,0
911,2024-06-12,2024-06-13,STS.pl,Płatność STS.pl,PL16851957087997507158364874,PKO BP,8682199133,-437.1,PLN,Moje,-22590601.7,PLN,1
912,2024-06-13,2024-06-14,Biuro Nieruchomości ZEFIR,Płatność Biuro Nieruchomości ZEFIR,PL28975027514283489863906649,mBank,1951811572,-530588.16,PLN,Wspólne,-23121189.86,PLN,1
913,2024-06-14,2024-06-14,Urząd Skarbowy,Płatność Urząd Skarbowy,PL72066093333762335996790724,ING,6642708009,-4786.13,PLN,Moje,-23125975.99,PLN,0
914,2024-06-19,2024-06-19,Zabka,Płatność Zabka,PL26391555636245419455334883,ING,1294548487,-50.12,PLN,Konto w EUR,-23126026.11,PLN,0
915,2024-06-25,2024-06-27,Urząd Skarbowy,Płatność Urząd Skarbowy,PL93866922212226918044712626,ING,9208630181,-9136.9,PLN,Moje,-23135163.01,PLN,0
916,2024-06-30,2024-07-02,Firma XYZ,Płatność Firma XYZ,PL24022215186618094825078706,Millennium,3484202182,7621.51,PLN,Wspólne,-23127541.5,PLN,0
917,2024-07-03,2024-07-03,Firma XYZ,Płatność Firma XYZ,PL15598888867404568126396515,mBank,2443293445,7438.21,PLN,Moje,-23120103.29,PLN,0
918,2024-07-06,2024-07-06,Biuro Nieruchomości ZEFIR,Płatność Biuro Nieruchomości ZEFIR,PL73720524899326545943816342,Millennium,2881290982,-394522.24,PLN,Konto w USD,-23514625.53,PLN,1
919,2024-07-07,2024-07-07,Lidl,Płatność Lidl,PL11774605119032453203120442,mBank,4653684780,-89.22,PLN,Wspólne,-23514714.75,PLN,0
920,2024-07-11,2024-07-11,Auto Komis Katowice,Płatność Auto Komis Katowice,PL66580111478606402507645165,ING,2814900480,-58607.58,PLN,Wspólne,-23573322.33,PLN,1
921,2024-07-12,2024-07-13,Biuro Nieruchomości ZEFIR,Płatność Biuro Nieruchomości ZEFIR,PL21485867789210790023815335,PKO BP,2516185223,-394000.65,PLN,Wspólne,-23967322.98,PLN,1
922,2024-07-13,2024-07-13,Biedronka,Płatność Biedronka,PL16398368754257440269221734,ING,4551266859,-303.14,PLN,Konto w USD,-23967626.12,PLN,0
923,2024-07-13,2024-07-13,Booking.com,Płatność Booking.com,PL66204877159429247894261413,Millennium,7681557452,-938.85,EUR,Konto w USD,-23968564.97,EUR,0
924,2024-07-14,2024-07-15,ATM ING,Płatność ATM ING,PL11068500734849381813993432,Santander,2715523894,-1131.25,PLN,Moje,-23969696.22,PLN,0
925,2024-07-19,2024-07-19,STS.pl,Płatność STS.pl,PL15079416511102595469503010,PKO BP,4937840916,-1819.72,PLN,Konto w USD,-23971515.94,PLN,1
926,2024-07-20,2024-07-22,Biuro Nieruchomości ZEFIR,Płatność Biuro Nieruchomości ZEFIR,PL21363064174283562046949338,Santander,6660770721,-549328.19,PLN,Moje,-24520844.13,PLN,1
927,2024-07-20,2024-07-20,STS.pl,Płatność STS.pl,PL17437901193230518464480276,ING,3328054432,-309.32,PLN,Moje,-24521153.45,PLN,1
928,2024-07-22,2024-07-22,ATM ING,Płatność ATM ING,PL40278010195998752772794597,ING,6077122266,-1322.52,PLN,Konto w EUR,-24522475.97,PLN,0
929,2024-07-23,2024-07-25,Biuro Nieruchomości ZEFIR,Płatność Biuro Nieruchomości ZEFIR,PL86647268829222643524319322,Millennium,1582646853,-524963.33,PLN,Konto w USD,-25047439.3,PLN,1
930,2024-07-24,2024-07-24,ATM ING,Płatność ATM ING,PL94732810480314079876568327,ING,9447713287,-487.51,PLN,Konto w EUR,-25047926.81,PLN,0
931,2024-07-24,2024-07-24,Zabka,Płatność Zabka,PL31815858612255418261191133,ING,4618717922,-81.88,PLN,Konto w USD,-25048008.69,PLN,0
932,2024-07-25,2024-07-26,Zabka,Płatność Zabka,PL52412639346636575042350996,ING,4301452587,-113.4,PLN,Konto w EUR,-25048122.09,PLN,0
933,2024-07-25,2024-07-26,Vattenfall,Płatność Vattenfall,PL93733550653874315630566109,ING,5733942414,-262.07,PLN,Moje,-25048384.16,PLN,0
934,2024-07-28,2024-07-28,Auto Komis Katowice,Płatność Auto Komis Katowice,PL97262847186654880156536395,mBank,6427172578,-57611.7,PLN,Konto w EUR,-25105995.86,PLN,1
935,2024-07-31,2024-08-02,Zabka,Płatność Zabka,PL15374449690215005278347116,Santander,4554926292,-167.64,PLN,Konto w USD,-25106163.5,PLN,0
936,2024-08-03,2024-08-03,Vattenfall,Płatność Vattenfall,PL96269234886329111031352768,PKO BP,3808312666,-201.07,PLN,Konto w USD,-25106364.57,PLN,0
937,2024-08-06,2024-08-06,Vattenfall,Płatność Vattenfall,PL22096844865681737259739557,mBank,5364014060,-171.25,PLN,Konto w EUR,-25106535.82,PLN,0
938,2024-08-14,2024-08-16,Orlen,Płatność Orlen,PL78560619870776725571838274,Santander,6064374577,-285.98,PLN,Wspólne,-25106821.8,PLN,0
939,2024-08-15,2024-08-17,Auto Komis Katowice,Płatność Auto Komis Katowice,PL70432285341008964255423391,Millennium,2483466632,-49314.82,PLN,Moje,-25156136.62,PLN,1
940,2024-08-22,2024-08-24,PKO BP,Płatność PKO BP,PL54208562351385167963056874,Santander,2721655789,4212.09,PLN,Konto w USD,-25151924.53,PLN,0
941,2024-08-24,2024-08-24,PGNiG,Płatność PGNiG,PL90273089292212856486709783,mBank,1061521836,-173.78,PLN,Konto w USD,-25152098.31,PLN,0
942,2024-08-26,2024-08-26,ATM ING,Płatność ATM ING,PL70053171630375231139114231,ING,6970991010,-991.38,PLN,Wspólne,-25153089.69,PLN,0
943,2024-08-26,2024-08-26,Auto Komis Katowice,Płatność Auto Komis Katowice,PL39345518914553693197322959,mBank,5842467017,-50985.26,PLN,Konto w USD,-25204074.95,PLN,1
944,2024-09-01,2024-09-01,Auto Komis Katowice,Płatność Auto Komis Katowice,PL84758703052099981757699863,ING,5831563238,-53917.44,PLN,Konto w EUR,-25257992.39,PLN,1
945,2024-09-03,2024-09-04,Firma XYZ,Płatność Firma XYZ,PL85989623532443100961381770,mBank,1192436936,6736.1,PLN,Moje,-25251256.29,PLN,0
946,2024-09-04,2024-09-06,Urząd Skarbowy,Płatność Urząd Skarbowy,PL30447200346489513386386617,PKO BP,9962466929,-8931.16,PLN,Wspólne,-25260187.45,PLN,0
947,2024-09-04,2024-09-05,PokerStars,Płatność PokerStars,PL41424968594531002631019154,mBank,5945103184,-381.12,EUR,Konto w USD,-25260568.57,EUR,1
948,2024-09-05,2024-09-05,Biedronka,Płatność Biedronka,PL70423686344295990892433082,ING,2943971778,-50.31,PLN,Moje,-25260618.88,PLN,0
949,2024-09-08,2024-09-08,Urząd Skarbowy,Płatność Urząd Skarbowy,PL61135891404956346576532747,PKO BP,4296568048,-9734.74,PLN,Wspólne,-25270353.62,PLN,0
950,2024-09-13,2024-09-15,PKO BP,Płatność PKO BP,PL74018353894019147933184945,ING,3678669241,5392.84,PLN,Konto w EUR,-25264960.78,PLN,0
951,2024-09-15,2024-09-15,ATM ING,Płatność ATM ING,PL11025733483859153104087450,Millennium,4196187063,-514.86,PLN,Moje,-25265475.64,PLN,0
952,2024-09-20,2024-09-20,Vattenfall,Płatność Vattenfall,PL21621924669987751867927233,mBank,4702775487,-286.32,PLN,Konto w USD,-25265761.96,PLN,0
953,2024-09-29,2024-09-29,MediaMarkt,Płatność MediaMarkt,PL82044434779572442312718905,Santander,3336425797,-1833.67,PLN,Konto w EUR,-25267595.63,PLN,0
954,2024-09-30,2024-10-02,Biedronka,Płatność Biedronka,PL27757830640818871789898353,Santander,1632530290,-390.35,PLN,Moje,-25267985.98,PLN,0
955,2024-09-30,2024-09-30,Allegro,Płatność Allegro,PL87719141092510359866904399,ING,3805230374,-162.86,PLN,Moje,-25268148.84,PLN,0
956,2024-10-03,2024-10-04,Biuro Nieruchomości ZEFIR,Płatność Biuro Nieruchomości ZEFIR,PL35164980210376988865348971,Santander,6723027055,-426573.27,PLN,Konto w USD,-25694722.11,PLN,1
957,2024-10-05,2024-10-05,Orlen,Płatność Orlen,PL29729140818634157880618787,Santander,8311200266,-294.48,PLN,Wspólne,-25695016.59,PLN,0
958,2024-10-05,2024-10-07,Allegro,Płatność Allegro,PL58676920523861928548767716,mBank,1797487039,-232.23,PLN,Konto w EUR,-25695248.82,PLN,0
959,2024-10-09,2024-10-10,Allegro,Płatność Allegro,PL82100905130561886504274267,Millennium,4252265459,-118.27,PLN,Moje,-25695367.09,PLN,0
960,2024-10-11,2024-10-11,PokerStars,Płatność PokerStars,PL62056827100723481793335573,mBank,9427513323,-187.52,EUR,Wspólne,-25695554.61,EUR,1
961,2024-10-13,2024-10-13,Zabka,Płatność Zabka,PL83164590467801073860891705,Santander,9780033232,-197.66,PLN,Wspólne,-25695752.27,PLN,0
962,2024-10-15,2024-10-15,Auto Komis Katowice,Płatność Auto Komis Katowice,PL59665060033147488759300172,Millennium,2918759935,-53189.73,PLN,Wspólne,-25748942.0,PLN,1
963,2024-10-16,2024-10-16,Biedronka,Płatność Biedronka,PL21180944347633745022115647,PKO BP,1814249351,-331.6,PLN,Konto w EUR,-25749273.6,PLN,0
964,2024-10-18,2024-10-20,ATM ING,Płatność ATM ING,PL49757143766991143426395284,mBank,1944324717,-714.97,PLN,Moje,-25749988.57,PLN,0
965,2024-10-21,2024-10-23,Zabka,Płatność Zabka,PL32025529661774723440280348,Millennium,7861220377,-164.95,PLN,Konto w EUR,-25750153.52,PLN,0
966,2024-10-25,2024-10-26,Urząd Skarbowy,Płatność Urząd Skarbowy,PL20696957232693661154276233,Millennium,8946564993,-8246.96,PLN,Moje,-25758400.48,PLN,0
967,2024-11-04,2024-11-05,PKO BP,Płatność PKO BP,PL45139170075904228228324305,PKO BP,9105307684,6993.49,PLN,Konto w USD,-25751406.99,PLN,0
968,2024-11-08,2024-11-09,STS.pl,Płatność STS.pl,PL82327149211952589191337153,ING,1396145849,-1282.22,PLN,Moje,-25752689.21,PLN,1
969,2024-11-11,2024-11-13,Allegro,Płatność Allegro,PL55570545586038237119614903,mBank,7426707393,-243.79,PLN,Konto w EUR,-25752933.0,PLN,0
970,2024-11-11,2024-11-12,Auto Komis Katowice,Płatność Auto Komis Katowice,PL88390739870054009781540885,ING,2732894349,-55754.12,PLN,Wspólne,-25808687.12,PLN,1
971,2024-11-13,2024-11-14,PKO BP,Płatność PKO BP,PL87238328048127418058950075,Millennium,2095762019,3980.38,PLN,Konto w USD,-25804706.74,PLN,0
972,2024-11-15,2024-11-15,Santander Leasing,Płatność Santander Leasing,PL29739501397897830680958399,Santander,9173418640,-2973.16,PLN,Moje,-25807679.9,PLN,0
973,2024-11-18,2024-11-18,Allegro,Płatność Allegro,PL38815643558397534468665075,PKO BP,6675769255,-87.88,PLN,Moje,-25807767.78,PLN,0
974,2024-11-19,2024-11-20,Orlen,Płatność Orlen,PL58310122355809292423982304,Millennium,7284927359,-102.76,PLN,Konto w USD,-25807870.54,PLN,0
975,2024-11-21,2024-11-21,Lidl,Płatność Lidl,PL10986887080583443680203506,Santander,1077304240,-166.77,PLN,Konto w USD,-25808037.31,PLN,0
976,2024-11-21,2024-11-23,Firma XYZ,Płatność Firma XYZ,PL11937634970347059060587809,ING,7224613531,7116.7,PLN,Wspólne,-25800920.61,PLN,0
977,2024-11-23,2024-11-24,STS.pl,Płatność STS.pl,PL33931733129178125790620994,ING,3313982684,-1724.13,PLN,Moje,-25802644.74,PLN,1
978,2024-11-25,2024-11-26,Biuro Nieruchomości ZEFIR,Płatność Biuro Nieruchomości ZEFIR,PL35537627064724853362317034,Santander,2891348756,-515798.71,PLN,Konto w USD,-26318443.45,PLN,1
979,2024-11-25,2024-11-26,Vattenfall,Płatność Vattenfall,PL41875486741285860421572802,PKO BP,4652816122,-256.25,PLN,Konto w EUR,-26318699.7,PLN,0
980,2024-11-26,2024-11-28,Urząd Skarbowy,Płatność Urząd Skarbowy,PL76676804940188668788774644,Millennium,4266280363,-7863.08,PLN,Konto w USD,-26326562.78,PLN,0
981,2024-12-02,2024-12-03,Firma XYZ,Płatność Firma XYZ,PL64518033962343816735102387,PKO BP,1405877559,7490.2,PLN,Wspólne,-26319072.58,PLN,0
982,2024-12-06,2024-12-07,Vattenfall,Płatność Vattenfall,PL99484182936040546164863667,Millennium,1393300234,-248.01,PLN,Konto w EUR,-26319320.59,PLN,0
983,2024-12-07,2024-12-07,Santander Leasing,Płatność Santander Leasing,PL50447879971405318358687439,PKO BP,1508316744,-2221.78,PLN,Konto w USD,-26321542.37,PLN,0
984,2024-12-08,2024-12-08,Amazon,Płatność Amazon,PL83323134544842174864115069,ING,5028537863,-387.45,USD,Konto w USD,-26321929.82,USD,0
985,2024-12-14,2024-12-15,Vattenfall,Płatność Vattenfall,PL22868911584048767529014184,Santander,8415739509,-243.89,PLN,Konto w EUR,-26322173.71,PLN,0
986,2024-12-14,2024-12-16,Urząd Skarbowy,Płatność Urząd Skarbowy,PL67606372482930694940247600,Millennium,9298095107,-8428.68,PLN,Wspólne,-26330602.39,PLN,0
987,2024-12-15,2024-12-17,Booking.com,Płatność Booking.com,PL26155324968375124297544642,PKO BP,2761422687,-641.53,EUR,Konto w USD,-26331243.92,EUR,0
988,2024-12-17,2024-12-18,PokerStars,Płatność PokerStars,PL71858176896541551900053404,Santander,7409684195,-1194.78,EUR,Konto w USD,-26332438.7,EUR,1
989,2024-12-18,2024-12-19,Urząd Skarbowy,Płatność Urząd Skarbowy,PL96500966467592899774292551,Santander,1308819343,-7407.74,PLN,Konto w EUR,-26339846.44,PLN,0
990,2024-12-22,2024-12-22,Booking.com,Płatność Booking.com,PL21292148478396230960443364,Millennium,2486256264,-511.25,EUR,Moje,-26340357.69,EUR,0
991,2024-12-24,2024-12-25,Auto Komis Katowice,Płatność Auto Komis Katowice,PL37723082205873860535424241,Santander,8673486724,-54785.36,PLN,Wspólne,-26395143.05,PLN,1
992,2024-12-25,2024-12-25,Allegro,Płatność Allegro,PL66220955691217925174354822,ING,1142412001,-84.13,PLN,Moje,-26395227.18,PLN,0
993,2024-12-27,2024-12-29,Booking.com,Płatność Booking.com,PL57652686922591827364413606,Millennium,5153308001,-262.75,EUR,Konto w EUR,-26395489.93,EUR,0
994,2024-12-27,2024-12-27,PGNiG,Płatność PGNiG,PL21541588349825143355357202,mBank,3592909888,-134.67,PLN,Moje,-26395624.6,PLN,0
995,2024-12-28,2024-12-30,Zabka,Płatność Zabka,PL70934520047830579213402922,ING,8831074656,-175.52,PLN,Konto w USD,-26395800.12,PLN,0
996,2024-12-29,2024-12-31,Biuro Notarialne,Płatność Biuro Notarialne,PL23859130239477937721608106,mBank,3066770841,-8074.19,PLN,Moje,-26403874.31,PLN,0
997,2024-12-29,2024-12-30,Firma XYZ,Płatność Firma XYZ,PL68939885076435154439274434,Santander,3861765594,7181.28,PLN,Konto w USD,-26396693.03,PLN,0
998,2024-12-30,2024-12-30,Orlen,Płatność Orlen,PL16971838422072793882927123,PKO BP,4271371164,-136.3,PLN,Konto w USD,-26396829.33,PLN,0
999,2024-12-31,2025-01-01,STS.pl,Płatność STS.pl,PL36840246432843417646384971,ING,8724235153,-921.46,PLN,Konto w USD,-26397750.79,PLN,1
